2896 4680
169 169 241 268 'ro

266 392 309 440 ea
335 393 434 439 causa
462 375 568 458 magis
599 375 722 454 Patiar,
752 375 908 459 Clitipho,
938 375 1071 459 flagitiis
1101 379 1166 442 tuis
1197 401 1250 445 me
1279 381 1325 444 in·

199 475 318 542 samem
340 477 417 542 fieri

284 577 405 644 Senem
427 579 585 644 enuntiati
612 581 788 644 conoessivi
811 582 983 662 negativus
1009 588 1069 645 est.
1112 583 1229 648 Heaut
1251 587 1322 650 632.

198 679 235 746 Id
258 680 406 762 equidem
428 700 498 764 ego,
519 681 547 745 si
570 690 606 745 tu
627 701 733 764 neges,
754 690 840 747 certo
862 684 939 765 scio,
960 685 1008 747 Te
1023 683 1209 750 inscientem
1225 693 1322 768 atque

199 783 421 868 inprudentem
443 783 550 849 dicere
571 803 612 848 ac
633 784 741 849 facere
756 785 874 850 omnia
887 823 931 831 —
944 787 1008 868 ‚Si’
1022 787 1137 870 scripsi
1160 789 1193 851 in
1215 809 1244 853 v.
1259 791 1322 852 632

198 905 269 951 eum
299 885 325 949 F
327 885 526 967 leckeiseno,
557 885 824 969 Umpsenbachio‚
847 888 1024 970 Wagnero;
1054 890 1140 970 quod
1169 889 1267 955 etiam
1289 891 1322 954 in

198 987 308 1054 codiee
340 987 492 1054 Bembino
521 988 640 1072 legisse
669 989 793 1054 videtur
816 988 1097 1072 Umpfenbachius
1141 992 1178 1054 ln
1206 994 1320 1058 ceteris

198 1088 287 1153 libris
309 1088 537 1175 (BCDEFGP)
558 1089 675 1172 legitur
695 1089 784 1167 ,etsi’.

284 1212 312 1274 3.
334 1208 537 1291 Adiungitur.
579 1207 745 1273 Sententia
767 1208 923 1290 primaria
945 1211 1100 1291 negativa
1121 1216 1179 1276 est
1223 1211 1323 1279 Andr.

198 1312 372 1375 694-96.
416 1311 476 1376 Per
497 1310 601 1374 omnis
623 1309 680 1375 tibi
702 1310 816 1375 adiuro
839 1309 932 1389 deos,
963 1330 1137 1393 numquam
1167 1331 1241 1377 eam
1271 1334 1322 1380 me

197 1412 413 1492 deserturum,
443 1413 515 1478 Non
546 1413 573 1477 si
605 1412 783 1496 capiundos
812 1412 890 1475 mihi
920 1412 1021 1477 sciam
1047 1414 1195 1479 inimieos
1217 1418 1322 1481 omnis

197 1515 350 1582 homines.
372 1516 453 1581 Eun.
464 1518 515 1580 49.
537 1515 694 1580 redeam?
716 1535 789 1596 non,
810 1515 838 1578 si
854 1534 904 1580 me
919 1514 1124 1581 obsecret-
1140 1515 1321 1596 NONMSI

196 1618 325 1685 exhibet
339 1621 368 1683 A
384 1618 485 1683 literis
499 1616 559 1700 ,ni’
575 1616 713 1682 induetis
728 1637 749 1680 a
764 1636 841 1681 corr.
858 1636 918 1683 rec.
932 1654 975 1662 -
990 1617 1264 1687 Phorm.9'14-5.
1279 1662 1318 1671 —
1394 1684 1400 1699 ,

282 1723 352 1786 lam
375 1720 452 1803 quid
475 1720 514 1786 de
537 1719 641 1785 modis
663 1725 696 1784 et
717 1719 915 1804 temporibus
938 1721 970 1784 in
993 1727 1129 1804 utraque
1150 1731 1244 1806 parte
1265 1743 1318 1788 no

198 1822 330 1889 tandum
353 1823 403 1906 sit,
426 1823 563 1889 breviter
585 1841 754 1905 exponam.
811 1869 817 1883 .

282 1927 387 2009 Atque
416 1926 503 1991 modi
532 1925 578 1990 ita
607 1925 689 1989 inter
719 1944 754 1990 se
783 1925 976 2008 respondent
1005 1927 1094 2009 apud
1115 1928 1266 1994 Plautum
1287 1936 1318 1994 et

196 2029 398 2111 Terentium,
427 2035 460 2092 ut
483 2025 691 2093 indicativum
715 2027 942 2092 enuntiationis
965 2029 1171 2096 concessivae
1194 2051 1320 2115 semper

196 2131 228 2197 in
266 2129 420 2216 primaria
454 2128 615 2195 sententia
651 2137 802 2211 sequatur
821 2129 1044 2213 indicativus,
1083 2131 1318 2198 coniunctivum

196 2240 253 2299 aut
282 2232 502 2299 coniunctivus
531 2240 587 2296 aut
614 2230 816 2297 indicativus.
829 2231 854 2316 ¹)
898 2232 1097 2298 indicativus
1118 2233 1151 2298 in
1173 2236 1317 2300 enuntia·

195 2337 282 2403 tione
309 2334 479 2420 principali
508 2332 679 2418 respondet
709 2331 911 2415 conjunctivo
949 2336 1105 2402 enuntiati
1141 2338 1316 2402 eoncessivi
1379 2357 1382 2362 ·

195 2441 314 2526 septies
330 2438 435 2520 vicies,
450 2436 671 2502 coniunctivus
687 2434 836 2501 undecies
851 2437 938 2521 apud
953 2439 1111 2518 Plautum,
1125 2438 1316 2505 indicativus

198 2542 256 2625 bis,
278 2540 497 2608 coniunctivus
519 2545 633 2621 quater
655 2536 743 2622 apud
766 2537 959 2605 'Ferentium

281 2647 473 2727 'temporum
503 2641 583 2706 ratio
607 2660 669 2704 non
692 2640 760 2705 alia
782 2647 831 2706 est
853 2649 950 2724 atque
972 2643 1006 2707 in
1030 2643 1175 2709 universo
1198 2661 1315 2725 genere

195 2746 449 2812 enuntiationum
480 2742 757 2825 condicionalium‚
787 2745 826 2809 de
857 2765 922 2827 qua
954 2745 1026 2810 vide
1048 2743 1317 2826 Rothheimerum,

194 2850 235 2916 de
258 2869 306 2916 en.
321 2847 410 2914 cond.
434 2867 462 2931 p.
476 2849 514 2910 21
532 2866 602 2928 sqq.
625 2847 666 2909 29
682 2866 758 2929 sqq,
781 2847 969 2931 Langenum
984 2846 1161 2932 ,Beitrtge’
1177 2867 1208 2931 p.
1220 2851 1271 2912 54.

370 2986 394 3052 1.
416 2989 604 3049 Iudieotious
626 2982 740 3066 legitur
762 2983 794 3048 in
817 2990 954 3066 utraque
976 2989 1076 3068 parte.

195 3088 232 3154 lu
255 3086 422 3153 enuntiato
446 3084 628 3151 concessivo
651 3091 757 3151 exstat
779 3092 919 3171 tempus:

282 3211 307 3271 1.
328 3228 449 3287 praee:
471 3205 504 3269 in
527 3205 693 3270 enuntiato
716 3204 885 3290 principali

369 3308 403 3392 a)
421 3330 542 3390 praee:
576 3308 668 3393 Capt.
682 3310 760 3392 2233
777 3310 848 3373 529.
869 3307 967 3372 Cistl
987 3307 1068 3389 1,69.
1091 3303 1316 3386 caulvare.

575 3411 705 3478 (iure3
737 3431 804 3494 sqq.
837 3411 919 3476 Men.
942 3412 1012 3473 746.
1046 3406 1111 3472 Mil.
1133 3410 1210 3490 6313
1245 3409 1315 3472 747.

626 3512 722 3580 Stich.
738 3516 808 3578 695.

572 3615 708 3700 Adelph.
724 3618 793 3679 950.

369 3715 403 3800 b)
421 3722 522 3797 perd:
576 3717 641 3783 Mil.
664 3720 734 3783 306.

575 3820 699 3887 Phorm.
721 3821 792 3884 295.

218 3976 318 3986 σοι-ω.-
324 3976 373 3983 --
392 3976 395 3981 .

282 4094 303 4157 ι)
320 4090 414 4159 nanu,
441 4090 560 4145 'rursus
579 4091 606 4144 11
634 4108 660 4159 p.
680 4093 816 4144 son-ss.
839 4119 873 4127 -
897 4050 1077 4141 securene
1103 4086 1121 4141 1.
1139 4101 1164 4139 e.
1190 4087 1314 4153 Langen,

194 4175 348 4248 ‚Beltrttge'
368 4192 394 4245 p.
408 4181 439 4230 45
458 4191 499 4244 sq.
