2896 4680
164 266 204 339 38

253 434 288 496 ln
322 435 480 517 exemplis
506 433 615 497 allatis
641 440 776 514 utraque
799 454 875 518 pars
905 433 1136 499 affirmativam
1155 435 1289 518 praebet

164 536 310 617 formam,
333 535 502 617 negativus
518 544 566 600 est
588 536 765 620 primariae
781 535 1009 601 enuntiationis
1032 556 1144 601 sensus
1160 547 1290 620 praeter

164 637 237 703 (las.
253 638 285 702 ΙΙ
308 639 335 718 3,
347 640 386 698 45
395 686 403 719 ,
434 637 527 701 Mero.
543 639 621 717 287,
653 638 693 702 dc
727 637 842 719 quibus
875 657 974 721 supra
1007 639 1135 721 scripsi,
1172 639 1204 701 iu
1238 638 1290 703 his

165 739 335 824 exemplis:
913 736 924 748 '

252 858 363 924 Pseud.
382 861 447 922 1711.
492 858 694 941 Quamquam
718 863 778 940 c'go
802 859 910 922 vinum
934 859 1015 939 bibo,
1046 859 1202 923 mandata
1225 858 1290 924 hau

163 962 314 1026 consuevi
347 960 442 1025 simul
476 961 584 1026 bibere
615 965 688 1026 una.
722 999 763 1008 -
794 961 847 1025 Sic
882 961 963 1024 bunc
996 981 1122 1028 versum
1152 962 1290 1026 restituit

164 1063 365 1135 Ritsebelius.
388 1083 481 1145 quern
499 1064 573 1127 vide
592 1063 633 1127 ad
651 1063 680 1128 h.
693 1064 712 1128 l.
728 1072 759 1128 et
771 1066 912 1147 prolegg.
928 1065 971 1128 ad
984 1065 1070 1128 'Prin
1088 1085 1118 1147 p.
1131 1062 1288 1128 CXLVII.

164 1205 206 1213 -
227 1167 312 1231 Pers.
336 1169 396 1230 337
420 1186 466 1247 sq.
496 1202 537 1212 -
561 1166 674 1230 Restat
705 1187 801 1229 unum
832 1168 1013 1250 exemplum
1043 1167 1123 1231 Rud.
1145 1169 1216 1230 686.
1248 1202 1290 1212 -

164 1269 253 1335 codd.
282 1269 443 1334 exhibent:
479 1268 555 1333 Mihi
586 1269 696 1332 mortis
725 1275 828 1334 metus
852 1270 994 1334 membra
1017 1277 1151 1353 occupat
1174 1269 1290 1354 edepol

165 1372 235 1436 ult:
260 1371 326 1435 lltsi
350 1370 409 1435 hoc
432 1371 591 1450 acerbum,
615 1372 737 1435 Bonum
761 1372 903 1434 animum
927 1371 1051 1436 habete.

249 1490 431 1555 Particulae
461 1490 551 1573 ‚etsi’
582 1490 614 1553 in
645 1509 738 1553 versu
762 1491 949 1554 68610cum
982 1510 1045 1554 non
1068 1510 1148 1570 esse,
1179 1510 1291 1555 versus

97 1599 99 1604 ’
163 1594 264 1658 docet.
307 1592 545 1674 Fleckeiscnus,
576 1599 609 1656 ut
640 1594 744 1657 versui
776 1593 933 1658 modelam
962 1595 1105 1676 afferret,
1135 1593 1227 1671 ,etsi'
1257 1595 1291 1658 in

137 1760 140 1765 ,
164 1695 394 1778 ,quamquam'
417 1695 560 1760 mutavit.
1089 1700 1093 1706 “

250 1813 314 1880 Sed
330 1815 436 1878 nescio
454 1834 495 1877 an
518 1835 580 1878 non
597 1815 702 1898 potius
726 1814 925 1879 scribendum
949 1817 991 1879 sit
1006 1822 1084 1896 ‚tarn
1102 1815 1184 1880 etsi’.
1221 1816 1290 1899 Syl-

165 1917 242 1981 laba
258 1916 340 1981 enim
366 1917 457 1998 ,tam'
481 1923 552 2000 post
575 1937 732 2000 personae
755 1917 879 1999 signum
902 1916 976 1991 ,Tu’
999 1937 1096 1999 quam
1120 1917 1215 1982 facile
1238 1936 1292 1982 ex-

164 2019 271 2085 cidere
292 2021 440 2105 potuerit,
462 2020 495 2083 in
518 2026 667 2103 promptu
690 2026 744 2084 est.

153 2134 155 2138 ‘
255 2126 336 2187 Turn
354 2142 412 2188 nec
435 2122 610 2205 ,acerbum'
636 2122 708 2204 dici,
731 2143 800 2186 cunr
817 2121 903 2204 ,etsi'
919 2141 1022 2203 neque
1038 2121 1124 2205 apud
1141 2121 1291 2186 Plautum

164 2245 267 2308 neque
296 2227 383 2309 apud
407 2225 590 2290 Terentium
619 2225 736 2288 omisso
765 2225 860 2299 verbo
883 2244 954 2287 cunr
978 2224 1137 2288 adiectivo
1161 2225 1292 2289 coniun-

166 2333 269 2410 gatur,
305 2347 364 2392 uec
394 2327 584 2410 particulam
616 2326 757 2410 ‚edepol'
788 2328 819 2389 in
850 2326 911 2390 fine
942 2326 1121 2391 sententiae
1151 2326 1291 2410 positam

164 2430 273 2513 fuisse,
296 2430 428 2512 cogitari
452 2431 517 2494 ullo
541 2430 634 2493 modo
659 2436 771 2513 potest.

250 2530 356 2610 Quare
380 2539 464 2598 recte
485 2533 632 2596 scribitur
654 2531 868 2618 ‚acer·bu1nst’‚
890 2532 958 2596 iure
980 2532 1119 2615 ‚edepol'
1143 2532 1292 2596 tribuitur

166 2635 372 2700 'l'raehalioui
396 2656 416 2699 a
441 2635 658 2701 Fleckeiseno.

248 2738 362 2819 ltaque
386 2737 586 2802 scribendum
611 2757 682 2802 esse
706 2745 782 2821 puto
805 2738 837 2801 in
861 2736 944 2801 hunc
966 2736 1109 2800 modum:
1198 2736 1292 2820 ,Mihi

162 2841 283 2921 mortis,
313 2846 414 2905 metus
446 2840 588 2904 membra
620 2845 763 2924 docupat.
814 2840 864 2906 Fr.
888 2840 1012 2923 Edepdl
1044 2848 1110 2903 tam
1142 2840 1202 2904 etsi
1231 2840 1291 2905 hoc

163 2941 354 3022 acerbumst,
375 2943 379 3026 1
400 2942 521 3006 Bonum
545 2943 686 3006 animuin
710 2941 833 3006 habete.

251 3066 277 3125 2
302 3062 468 3127 Sententia
500 3061 685 3148 concessiva
708 3062 929 3144 interponitur.
974 3061 1086 3125 Bacch.
1115 3065 1217 3131 1172„
1249 3060 1289 3126 Ni

162 3164 270 3245 abeas,
292 3182 489 3245 quamquam
514 3171 549 3227 tu
574 3163 684 3228 bdlla's
707 3163 827 3226 malum
851 3162 908 3226 tibi
933 3167 1083 3244 magnum
1108 3164 1191 3228 dabo
1214 3165 1280 3229 iarn

160 3266 216 3330 na.
239 3266 359 3330 Patiar.

244 3368 342 3452 ,bella
365 3368 411 3433 es'
434 3367 533 3431 libros
556 3374 681 3432 secutus
705 3369 816 3451 scripsi
841 3389 910 3432 cunr
932 3368 1103 3433 Ritsclrelio
1127 3367 1286 3434 61116616-

159 3471 277 3551 eiseno,
299 3491 347 3553 ,cs
370 3471 468 3536 bella’
491 3471 696 3535 Hermannus
720 3472 784 3551 legi
808 3472 884 3536 vult.

245 3575 280 3637 ln
294 3574 502 3638 describendo
516 3573 574 3638 hoe
586 3593 681 3638 versu
691 3573 898 3638 Ritschclium
911 3581 1038 3637 secutus
1051 3594 1129 3638 sum.
1152 3573 1288 3638 Codices

160 3675 212 3740 ΒΟ
238 3675 320 3740 hanc
343 3677 497 3759 praebent
520 3676 779 3758 descriptionem:

312 3795 367 3874 ,Ni
391 3795 490 3859 abeas
513 3814 708 3876 quamquam
732 3802 765 3859 tu
788 3794 875 3860 bella
898 3814 932 3858 es

312 3898 432 3961 Malum
456 3896 512 3960 nbi
537 3917 689 3977 magnum
713 3897 796 3961 dabo
820 3898 895 3961 ianr.
940 3898 996 3960 Ba.
1020 3896 1152 3979 patiar'.

247 4018 317 4096 Qua
349 4018 398 4081 usi
421 4024 495 4081 sunt
518 4018 765 4098 Studenrundus,
796 4017 836 4082 de
867 4024 949 4082 cant.
972 4039 1000 4100 p.
1025 4021 1073 4080 54.
1118 4017 1291 4082 Muellerus

159 4123 179 4186 l.
203 4139 228 4186 c.
251 4142 280 4205 p.
309 4122 375 4186 122.
399 4162 439 4171 -
462 4121 554 4185 Mene.
578 4123 648 4184 800.
694 4121 788 4200 Uxor,
818 4118 896 4184 heus
919 4141 1013 4201 uxor,
1036 4139 1231 4201 quamquam
1256 4124 1290 4183 tu

159 4223 268 4287 irata’s
291 4221 378 4304 milri,
410 4222 534 4307 lubeas,
563 4224 589 4287 si
614 4222 734 4306 sapias,
758 4221 838 4287 hacc
860 4221 933 4286 hinc
956 4222 1039 4287 intro
1063 4221 1225 4287 auferricr.
1248 4258 1290 4270 -
