<?xml version="1.0" encoding="UTF-8"?>
<!DOCTYPE html PUBLIC "-//W3C//DTD XHTML 1.0 Transitional//EN"
    "http://www.w3.org/TR/xhtml1/DTD/xhtml1-transitional.dtd">
<html xmlns="http://www.w3.org/1999/xhtml" xml:lang="en" lang="en">
 <head>
  <title>
</title>
<meta http-equiv="Content-Type" content="text/html;charset=utf-8" />
  <meta name='ocr-system' content='tesseract 3.04.00' />
  <meta name='ocr-capabilities' content='ocr_page ocr_carea ocr_par ocr_line ocrx_word'/>
</head>
<body>
  <div class='ocr_page' id='page_1' title='image "./deenuntiatiscon00kriegoog_0055.png"; bbox 0 0 2896 4680; ppageno 0'>
   <div class='ocr_carea' id='block_1_1' title="bbox 212 206 252 267">
    <p class='ocr_par' dir='ltr' id='par_1_1' title="bbox 212 206 252 267">
     <span class='ocr_line' id='line_1_1' title="bbox 212 206 252 267; baseline 0.025 -1"><span class='ocrx_word' id='word_1_1' title='bbox 212 206 252 267; x_wconf 82' lang='lat'><strong>50</strong></span> 
     </span>
    </p>
   </div>
   <div class='ocr_carea' id='block_1_2' title="bbox 184 375 1406 4253">
    <p class='ocr_par' dir='ltr' id='par_1_2' title="bbox 211 375 1340 749">
     <span class='ocr_line' id='line_1_2' title="bbox 296 375 1340 462; baseline 0.003 -22"><span class='ocrx_word' id='word_1_2' title='bbox 296 377 357 440; x_wconf 92' lang='lat' dir='ltr'><strong>Pro</strong></span> <span class='ocrx_word' id='word_1_3' title='bbox 387 375 531 455; x_wconf 85' lang='lat' dir='ltr'><strong>,carent’,</strong></span> <span class='ocrx_word' id='word_1_4' title='bbox 562 376 648 457; x_wconf 89' lang='lat' dir='ltr'><strong>quod</strong></span> <span class='ocrx_word' id='word_1_5' title='bbox 681 376 868 443; x_wconf 72' lang='lat' dir='ltr'><strong>secuudum,</strong></span> <span class='ocrx_word' id='word_1_6' title='bbox 888 376 986 440; x_wconf 81' lang='lat' dir='ltr'><strong>Dcuz</strong></span> <span class='ocrx_word' id='word_1_7' title='bbox 1021 378 1135 462; x_wconf 77' lang='lat' dir='ltr'>scripsi</span> <span class='ocrx_word' id='word_1_8' title='bbox 1166 398 1237 443; x_wconf 89' lang='lat' dir='ltr'><strong>cum</strong></span> <span class='ocrx_word' id='word_1_9' title='bbox 1271 379 1340 443; x_wconf 87' lang='lat' dir='ltr'><strong>Rit-</strong></span> 
     </span>
     <span class='ocr_line' id='line_1_3' title="bbox 212 476 1340 564; baseline 0.004 -23"><span class='ocrx_word' id='word_1_10' title='bbox 212 476 343 559; x_wconf 84' lang='lat' dir='ltr'><strong>schelio‚</strong></span> <span class='ocrx_word' id='word_1_11' title='bbox 372 478 501 543; x_wconf 86' lang='lat' dir='ltr'><strong>BODab</strong></span> <span class='ocrx_word' id='word_1_12' title='bbox 531 477 692 544; x_wconf 80' lang='lat' dir='ltr'><strong>exhibent:</strong></span> <span class='ocrx_word' id='word_1_13' title='bbox 730 478 867 562; x_wconf 89' lang='lat' dir='ltr'><strong>,earint&#39;,</strong></span> <span class='ocrx_word' id='word_1_14' title='bbox 897 499 982 562; x_wconf 91' lang='lat' dir='ltr'><strong>quae</strong></span> <span class='ocrx_word' id='word_1_15' title='bbox 1011 480 1113 545; x_wconf 84' lang='lat' dir='ltr'><strong>forma</strong></span> <span class='ocrx_word' id='word_1_16' title='bbox 1143 501 1243 564; x_wconf 85' lang='lat' dir='ltr'><strong>quarn</strong></span> <span class='ocrx_word' id='word_1_17' title='bbox 1273 502 1340 547; x_wconf 89' lang='lat' dir='ltr'><strong>non</strong></span> 
     </span>
     <span class='ocr_line' id='line_1_4' title="bbox 212 580 1339 669; baseline 0.004 -25"><span class='ocrx_word' id='word_1_18' title='bbox 212 581 287 646; x_wconf 82' lang='lat' dir='ltr'><strong>ferri</strong></span> <span class='ocrx_word' id='word_1_19' title='bbox 315 587 430 664; x_wconf 89' lang='lat' dir='ltr'><strong>posset,</strong></span> <span class='ocrx_word' id='word_1_20' title='bbox 461 582 496 644; x_wconf 89' lang='lat' dir='ltr'><strong>R.</strong></span> <span class='ocrx_word' id='word_1_21' title='bbox 519 580 697 647; x_wconf 88' lang='lat' dir='ltr'><strong>Schoellius</strong></span> <span class='ocrx_word' id='word_1_22' title='bbox 727 583 770 647; x_wconf 93' lang='lat' dir='ltr'><strong>ad</strong></span> <span class='ocrx_word' id='word_1_23' title='bbox 794 582 890 665; x_wconf 81' lang='lat' dir='ltr'>Legis</span> <span class='ocrx_word' id='word_1_24' title='bbox 919 583 993 648; x_wconf 86' lang='lat' dir='ltr'><strong>XII.</strong></span> <span class='ocrx_word' id='word_1_25' title='bbox 1023 584 1120 650; x_wconf 85' lang='lat' dir='ltr'><strong>tebul.</strong></span> <span class='ocrx_word' id='word_1_26' title='bbox 1147 585 1213 650; x_wconf 91' lang='lat' dir='ltr'><strong>reli.</strong></span> <span class='ocrx_word' id='word_1_27' title='bbox 1243 606 1273 669; x_wconf 89' lang='lat' dir='ltr'><strong>p.</strong></span> <span class='ocrx_word' id='word_1_28' title='bbox 1298 587 1339 649; x_wconf 88' lang='lat'><strong>87</strong></span> 
     </span>
     <span class='ocr_line' id='line_1_5' title="bbox 211 683 328 749; baseline 0 -1"><span class='ocrx_word' id='word_1_29' title='bbox 211 683 328 749; x_wconf 91' lang='lat' dir='ltr'><strong>docuit.</strong></span> 
     </span>
    </p>

    <p class='ocr_par' dir='ltr' id='par_1_3' title="bbox 211 787 1340 1177">
     <span class='ocr_line' id='line_1_6' title="bbox 297 787 1340 874; baseline 0.006 -23"><span class='ocrx_word' id='word_1_30' title='bbox 297 787 516 870; x_wconf 89' lang='lat' dir='ltr'><strong>Hermauuus‚</strong></span> <span class='ocrx_word' id='word_1_31' title='bbox 546 787 646 852; x_wconf 82' lang='lat' dir='ltr'><strong>Elem.</strong></span> <span class='ocrx_word' id='word_1_32' title='bbox 675 788 773 853; x_wconf 87' lang='lat' dir='ltr'><strong>doctr.</strong></span> <span class='ocrx_word' id='word_1_33' title='bbox 805 794 892 853; x_wconf 88' lang='lat' dir='ltr'><strong>metr.</strong></span> <span class='ocrx_word' id='word_1_34' title='bbox 923 810 953 871; x_wconf 87' lang='lat' dir='ltr'><strong>p.</strong></span> <span class='ocrx_word' id='word_1_35' title='bbox 984 790 1044 851; x_wconf 85' lang='lat'><strong>311</strong></span> <span class='ocrx_word' id='word_1_36' title='bbox 1076 791 1244 874; x_wconf 83' lang='lat' dir='ltr'>proposuit</span> <span class='ocrx_word' id='word_1_37' title='bbox 1273 811 1340 870; x_wconf 85' lang='lat' dir='ltr'><strong>,ca-</strong></span> 
     </span>
     <span class='ocr_line' id='line_1_7' title="bbox 211 889 1338 975; baseline 0.006 -23"><span class='ocrx_word' id='word_1_38' title='bbox 211 889 317 953; x_wconf 91' lang='lat' dir='ltr'><strong>ruint&#39;.</strong></span> <span class='ocrx_word' id='word_1_39' title='bbox 339 926 381 933; x_wconf 87' lang='lat'>—</span> <span class='ocrx_word' id='word_1_40' title='bbox 412 889 620 955; x_wconf 85' lang='lat' dir='ltr'><strong>Scribendum</strong></span> <span class='ocrx_word' id='word_1_41' title='bbox 652 896 760 955; x_wconf 90' lang='lat' dir='ltr'><strong>autem</strong></span> <span class='ocrx_word' id='word_1_42' title='bbox 790 897 839 954; x_wconf 90' lang='lat' dir='ltr'><strong>est</strong></span> <span class='ocrx_word' id='word_1_43' title='bbox 868 890 1014 973; x_wconf 88' lang='lat' dir='ltr'><strong>‚carent&#39;,</strong></span> <span class='ocrx_word' id='word_1_44' title='bbox 1044 893 1233 975; x_wconf 90' lang='lat' dir='ltr'><strong>praesertim</strong></span> <span class='ocrx_word' id='word_1_45' title='bbox 1265 914 1338 959; x_wconf 92' lang='lat' dir='ltr'><strong>cum</strong></span> 
     </span>
     <span class='ocr_line' id='line_1_8' title="bbox 213 992 1336 1076; baseline 0.006 -20"><span class='ocrx_word' id='word_1_46' title='bbox 213 993 310 1056; x_wconf 89' lang='lat' dir='ltr'><strong>etiam</strong></span> <span class='ocrx_word' id='word_1_47' title='bbox 341 992 441 1057; x_wconf 82' lang='lat' dir='ltr'>codex</span> <span class='ocrx_word' id='word_1_48' title='bbox 472 993 497 1056; x_wconf 92' lang='lat' dir='ltr'>B</span> <span class='ocrx_word' id='word_1_49' title='bbox 528 993 561 1057; x_wconf 92' lang='lat' dir='ltr'><strong>in</strong></span> <span class='ocrx_word' id='word_1_50' title='bbox 582 993 665 1058; x_wconf 86' lang='lat' dir='ltr'><strong>Men.</strong></span> <span class='ocrx_word' id='word_1_51' title='bbox 688 1012 781 1058; x_wconf 89' lang='lat' dir='ltr'><strong>versu</strong></span> <span class='ocrx_word' id='word_1_52' title='bbox 805 995 883 1076; x_wconf 82' lang='lat'><strong>984,</strong></span> <span class='ocrx_word' id='word_1_53' title='bbox 912 992 965 1058; x_wconf 92' lang='lat' dir='ltr'><strong>ubi</strong></span> <span class='ocrx_word' id='word_1_54' title='bbox 996 993 1027 1055; x_wconf 91' lang='lat' dir='ltr'><strong>hi</strong></span> <span class='ocrx_word' id='word_1_55' title='bbox 1057 1013 1169 1059; x_wconf 90' lang='lat' dir='ltr'><strong>versus</strong></span> <span class='ocrx_word' id='word_1_56' title='bbox 1191 996 1224 1059; x_wconf 92' lang='lat' dir='ltr'><strong>in</strong></span> <span class='ocrx_word' id='word_1_57' title='bbox 1246 1001 1336 1063; x_wconf 85' lang='lat' dir='ltr'><strong>textu</strong></span> 
     </span>
     <span class='ocr_line' id='line_1_9' title="bbox 212 1094 902 1177; baseline 0.003 -20"><span class='ocrx_word' id='word_1_58' title='bbox 212 1094 367 1177; x_wconf 82' lang='lat' dir='ltr'><strong>leguntur,</strong></span> <span class='ocrx_word' id='word_1_59' title='bbox 390 1095 525 1176; x_wconf 87' lang='lat' dir='ltr'><strong>‚carent’</strong></span> <span class='ocrx_word' id='word_1_60' title='bbox 550 1094 678 1160; x_wconf 88' lang='lat' dir='ltr'><strong>habeat.</strong></span> <span class='ocrx_word' id='word_1_61' title='bbox 895 1164 902 1174; x_wconf 63' lang='lat'>‚</span> 
     </span>
    </p>

    <p class='ocr_par' dir='ltr' id='par_1_4' title="bbox 184 1195 1339 1486">
     <span class='ocr_line' id='line_1_10' title="bbox 296 1195 1339 1280; baseline 0.007 -20"><span class='ocrx_word' id='word_1_62' title='bbox 296 1198 426 1262; x_wconf 90' lang='lat' dir='ltr'><strong>Inverso</strong></span> <span class='ocrx_word' id='word_1_63' title='bbox 449 1198 575 1262; x_wconf 90' lang='lat' dir='ltr'><strong>ordine:</strong></span> <span class='ocrx_word' id='word_1_64' title='bbox 610 1195 697 1263; x_wconf 85' lang='lat' dir='ltr'><strong>Stich</strong></span> <span class='ocrx_word' id='word_1_65' title='bbox 724 1199 790 1259; x_wconf 86' lang='grc'><strong>124.</strong></span> <span class='ocrx_word' id='word_1_66' title='bbox 836 1195 925 1274; x_wconf 78' lang='lat' dir='ltr'><strong>Quae</strong></span> <span class='ocrx_word' id='word_1_67' title='bbox 947 1205 1068 1280; x_wconf 88' lang='lat' dir='ltr'><strong>tamen,</strong></span> <span class='ocrx_word' id='word_1_68' title='bbox 1098 1218 1193 1280; x_wconf 90' lang='lat' dir='ltr'><strong>quom</strong></span> <span class='ocrx_word' id='word_1_69' title='bbox 1216 1219 1268 1266; x_wconf 88' lang='lat' dir='ltr'><strong>res</strong></span> <span class='ocrx_word' id='word_1_70' title='bbox 1289 1220 1339 1267; x_wconf 90' lang='lat' dir='ltr'><strong>se·</strong></span> 
     </span>
     <span class='ocr_line' id='line_1_11' title="bbox 210 1296 1338 1385; baseline 0.004 -21"><span class='ocrx_word' id='word_1_71' title='bbox 210 1300 334 1365; x_wconf 87' lang='lat' dir='ltr'><strong>eundae</strong></span> <span class='ocrx_word' id='word_1_72' title='bbox 366 1309 447 1382; x_wconf 83' lang='lat' dir='ltr'><strong>sunt,</strong></span> <span class='ocrx_word' id='word_1_73' title='bbox 479 1320 513 1365; x_wconf 95' lang='lat' dir='ltr'><strong>se</strong></span> <span class='ocrx_word' id='word_1_74' title='bbox 543 1299 659 1385; x_wconf 87' lang='lat' dir='ltr'><strong>peterit</strong></span> <span class='ocrx_word' id='word_1_75' title='bbox 689 1319 851 1382; x_wconf 78' lang='lat' dir='ltr'><strong>gnoscere.</strong></span> <span class='ocrx_word' id='word_1_76' title='bbox 893 1337 924 1344; x_wconf 91' lang='lat'><em>-</em></span> <span class='ocrx_word' id='word_1_77' title='bbox 954 1302 1129 1385; x_wconf 86' lang='lat' dir='ltr'><strong>,gnoscere’</strong></span> <span class='ocrx_word' id='word_1_78' title='bbox 1161 1296 1338 1369; x_wconf 83' lang='lat' dir='ltr'><strong>Ritsehelio</strong></span> 
     </span>
     <span class='ocr_line' id='line_1_12' title="bbox 184 1400 1217 1486; baseline 0.006 -22"><span class='ocrx_word' id='word_1_79' title='bbox 184 1454 185 1458; x_wconf 63' lang='grc'>,</span> <span class='ocrx_word' id='word_1_80' title='bbox 212 1401 351 1467; x_wconf 89' lang='lat' dir='ltr'><strong>debetur.</strong></span> <span class='ocrx_word' id='word_1_81' title='bbox 398 1402 498 1467; x_wconf 87' lang='lat' dir='ltr'><strong>Oodd.</strong></span> <span class='ocrx_word' id='word_1_82' title='bbox 520 1400 649 1468; x_wconf 90' lang='lat' dir='ltr'><strong>habent:</strong></span> <span class='ocrx_word' id='word_1_83' title='bbox 674 1402 886 1486; x_wconf 81' lang='lat' dir='ltr'><strong>,cognoscere’</strong></span> <span class='ocrx_word' id='word_1_84' title='bbox 911 1406 947 1484; x_wconf 88' lang='lat' dir='ltr'><strong>A,</strong></span> <span class='ocrx_word' id='word_1_85' title='bbox 970 1404 1127 1485; x_wconf 87' lang='lat' dir='ltr'><strong>‚nuscere’</strong></span> <span class='ocrx_word' id='word_1_86' title='bbox 1150 1405 1217 1470; x_wconf 90' lang='lat' dir='ltr'><strong>reli.</strong></span> 
     </span>
    </p>

    <p class='ocr_par' dir='ltr' id='par_1_5' title="bbox 386 1504 987 1589">
     <span class='ocr_line' id='line_1_13' title="bbox 386 1504 987 1589; baseline 0.003 -21"><span class='ocrx_word' id='word_1_87' title='bbox 386 1504 419 1589; x_wconf 90' lang='lat' dir='ltr'><strong>b)</strong></span> <span class='ocrx_word' id='word_1_88' title='bbox 443 1505 672 1570; x_wconf 82' lang='lat' dir='ltr'><strong>Coniunctivus</strong></span> <span class='ocrx_word' id='word_1_89' title='bbox 695 1512 802 1571; x_wconf 84' lang='lat' dir='ltr'><strong>exstat</strong></span> <span class='ocrx_word' id='word_1_90' title='bbox 825 1506 875 1570; x_wconf 89' lang='lat' dir='ltr'><strong>his</strong></span> <span class='ocrx_word' id='word_1_91' title='bbox 897 1506 987 1570; x_wconf 88' lang='lat' dir='ltr'><strong>iocis:</strong></span> 
     </span>
    </p>

    <p class='ocr_par' dir='ltr' id='par_1_6' title="bbox 210 1607 1338 1896">
     <span class='ocr_line' id='line_1_14' title="bbox 299 1607 1338 1694; baseline 0.006 -24"><span class='ocrx_word' id='word_1_92' title='bbox 299 1613 323 1671; x_wconf 87' lang='lat'><strong>1.</strong></span> <span class='ocrx_word' id='word_1_93' title='bbox 353 1607 504 1689; x_wconf 80' lang='lat' dir='ltr'><strong>Sequitur</strong></span> <span class='ocrx_word' id='word_1_94' title='bbox 542 1609 756 1673; x_wconf 79' lang='lat' dir='ltr'><strong>enuntiatum</strong></span> <span class='ocrx_word' id='word_1_95' title='bbox 777 1609 1005 1674; x_wconf 91' lang='lat' dir='ltr'><strong>concessivum.</strong></span> <span class='ocrx_word' id='word_1_96' title='bbox 1057 1608 1242 1676; x_wconf 83' lang='lat' dir='ltr'><strong>Sententiae</strong></span> <span class='ocrx_word' id='word_1_97' title='bbox 1272 1612 1338 1694; x_wconf 93' lang='lat' dir='ltr'><strong>pri-</strong></span> 
     </span>
     <span class='ocr_line' id='line_1_15' title="bbox 210 1709 1338 1794; baseline 0.005 -22"><span class='ocrx_word' id='word_1_98' title='bbox 210 1709 332 1774; x_wconf 88' lang='lat' dir='ltr'><strong>mariae</strong></span> <span class='ocrx_word' id='word_1_99' title='bbox 367 1729 480 1775; x_wconf 90' lang='lat' dir='ltr'><strong>seusus</strong></span> <span class='ocrx_word' id='word_1_100' title='bbox 513 1711 682 1793; x_wconf 84' lang='lat' dir='ltr'><strong>negativus</strong></span> <span class='ocrx_word' id='word_1_101' title='bbox 715 1716 776 1776; x_wconf 90' lang='lat' dir='ltr'><strong>est:</strong></span> <span class='ocrx_word' id='word_1_102' title='bbox 811 1712 902 1794; x_wconf 84' lang='lat' dir='ltr'><strong>Capt.</strong></span> <span class='ocrx_word' id='word_1_103' title='bbox 932 1712 1003 1775; x_wconf 84' lang='grc'><strong>892.</strong></span> <span class='ocrx_word' id='word_1_104' title='bbox 1053 1716 1104 1778; x_wconf 88' lang='lat' dir='ltr'><strong>An</strong></span> <span class='ocrx_word' id='word_1_105' title='bbox 1136 1718 1170 1776; x_wconf 93' lang='lat' dir='ltr'><strong>tu</strong></span> <span class='ocrx_word' id='word_1_106' title='bbox 1203 1712 1338 1779; x_wconf 92' lang='lat' dir='ltr'><strong>dubium</strong></span> 
     </span>
     <span class='ocr_line' id='line_1_16' title="bbox 213 1809 1026 1896; baseline 0.002 -21"><span class='ocrx_word' id='word_1_107' title='bbox 213 1809 347 1877; x_wconf 90' lang='lat' dir='ltr'><strong>habebis</strong></span> <span class='ocrx_word' id='word_1_108' title='bbox 370 1812 477 1896; x_wconf 88' lang='lat' dir='ltr'><strong>etiam,</strong></span> <span class='ocrx_word' id='word_1_109' title='bbox 500 1821 611 1878; x_wconf 91' lang='lat' dir='ltr'><strong>sancte</strong></span> <span class='ocrx_word' id='word_1_110' title='bbox 633 1833 728 1896; x_wconf 87' lang='lat' dir='ltr'><strong>quom</strong></span> <span class='ocrx_word' id='word_1_111' title='bbox 742 1833 801 1896; x_wconf 90' lang='lat' dir='ltr'><strong>ego</strong></span> <span class='ocrx_word' id='word_1_112' title='bbox 824 1812 924 1879; x_wconf 93' lang='lat' dir='ltr'><strong>iurem</strong></span> <span class='ocrx_word' id='word_1_113' title='bbox 947 1812 1026 1879; x_wconf 80' lang='lat' dir='ltr'><strong>tibi‘?</strong></span> 
     </span>
    </p>

    <p class='ocr_par' dir='ltr' id='par_1_7' title="bbox 208 1914 1338 2082">
     <span class='ocr_line' id='line_1_17' title="bbox 295 1914 1338 2001; baseline 0.008 -25"><span class='ocrx_word' id='word_1_114' title='bbox 295 1918 324 1980; x_wconf 92' lang='grc'><strong>2.</strong></span> <span class='ocrx_word' id='word_1_115' title='bbox 359 1914 539 1999; x_wconf 88' lang='lat' dir='ltr'><strong>Opponitur</strong></span> <span class='ocrx_word' id='word_1_116' title='bbox 582 1928 690 1998; x_wconf 71' lang='lat' dir='ltr'><strong>tamem</strong></span> <span class='ocrx_word' id='word_1_117' title='bbox 733 1914 932 1980; x_wconf 84' lang='lat' dir='ltr'><strong>enuntiatum</strong></span> <span class='ocrx_word' id='word_1_118' title='bbox 976 1916 1193 1981; x_wconf 88' lang='lat' dir='ltr'><strong>concessivum</strong></span> <span class='ocrx_word' id='word_1_119' title='bbox 1238 1936 1338 2001; x_wconf 81' lang='lat' dir='ltr'><strong>nega·</strong></span> 
     </span>
     <span class='ocr_line' id='line_1_18' title="bbox 208 2017 393 2082; baseline 0.005 -3"><span class='ocrx_word' id='word_1_120' title='bbox 208 2017 308 2081; x_wconf 91' lang='lat' dir='ltr'><strong>tivum</strong></span> <span class='ocrx_word' id='word_1_121' title='bbox 331 2023 393 2082; x_wconf 91' lang='lat' dir='ltr'><strong>est:</strong></span> 
     </span>
    </p>

    <p class='ocr_par' dir='ltr' id='par_1_8' title="bbox 207 2118 1336 2510">
     <span class='ocr_line' id='line_1_19' title="bbox 208 2118 1336 2203; baseline 0.003 -21"><span class='ocrx_word' id='word_1_122' title='bbox 208 2118 289 2183; x_wconf 90' lang='lat' dir='ltr'><strong>Rud.</strong></span> <span class='ocrx_word' id='word_1_123' title='bbox 315 2122 403 2184; x_wconf 80' lang='grc'><strong>1124.</strong></span> <span class='ocrx_word' id='word_1_124' title='bbox 434 2119 508 2183; x_wconf 89' lang='lat' dir='ltr'><strong>Vidi</strong></span> <span class='ocrx_word' id='word_1_125' title='bbox 531 2125 639 2203; x_wconf 93' lang='lat' dir='ltr'><strong>petere</strong></span> <span class='ocrx_word' id='word_1_126' title='bbox 662 2119 805 2201; x_wconf 88' lang='lat' dir='ltr'><strong>miluom,</strong></span> <span class='ocrx_word' id='word_1_127' title='bbox 836 2121 934 2185; x_wconf 92' lang='lat' dir='ltr'><strong>etiam</strong></span> <span class='ocrx_word' id='word_1_128' title='bbox 965 2140 1058 2203; x_wconf 91' lang='lat' dir='ltr'><strong>quem</strong></span> <span class='ocrx_word' id='word_1_129' title='bbox 1082 2120 1162 2185; x_wconf 90' lang='lat' dir='ltr'><strong>nihil</strong></span> <span class='ocrx_word' id='word_1_130' title='bbox 1185 2120 1336 2202; x_wconf 83' lang='lat' dir='ltr'><strong>auferret,</strong></span> 
     </span>
     <span class='ocr_line' id='line_1_20' title="bbox 819 2229 935 2288; baseline 0.009 -2"><span class='ocrx_word' id='word_1_131' title='bbox 819 2229 935 2288; x_wconf 90' lang='lat' dir='ltr'><strong>tamen.</strong></span> 
     </span>
     <span class='ocr_line' id='line_1_21' title="bbox 433 2323 1166 2406; baseline 0.001 -17"><span class='ocrx_word' id='word_1_132' title='bbox 433 2323 578 2406; x_wconf 89' lang='lat' dir='ltr'><strong>Utraque</strong></span> <span class='ocrx_word' id='word_1_133' title='bbox 601 2325 759 2390; x_wconf 90' lang='lat' dir='ltr'><strong>sententia</strong></span> <span class='ocrx_word' id='word_1_134' title='bbox 782 2324 979 2389; x_wconf 84' lang='lat' dir='ltr'><strong>affirmativa</strong></span> <span class='ocrx_word' id='word_1_135' title='bbox 1002 2332 1064 2390; x_wconf 89' lang='lat' dir='ltr'><strong>est:</strong></span> <span class='ocrx_word' id='word_1_136' title='bbox 1163 2354 1166 2358; x_wconf 44' lang='grc'>“</span> 
     </span>
     <span class='ocr_line' id='line_1_22' title="bbox 207 2426 1283 2510; baseline 0.002 -19"><span class='ocrx_word' id='word_1_137' title='bbox 207 2427 287 2493; x_wconf 81' lang='lat' dir='ltr'><strong>und.</strong></span> <span class='ocrx_word' id='word_1_138' title='bbox 311 2430 380 2490; x_wconf 86' lang='grc'><strong>534.</strong></span> <span class='ocrx_word' id='word_1_139' title='bbox 426 2426 495 2509; x_wconf 90' lang='lat' dir='ltr'><strong>Uti,</strong></span> <span class='ocrx_word' id='word_1_140' title='bbox 519 2447 613 2509; x_wconf 91' lang='lat' dir='ltr'><strong>quom</strong></span> <span class='ocrx_word' id='word_1_141' title='bbox 644 2428 814 2493; x_wconf 83' lang='lat' dir='ltr'><strong>exivissem</strong></span> <span class='ocrx_word' id='word_1_142' title='bbox 839 2449 878 2494; x_wconf 86' lang='lat' dir='ltr'><strong>ex</strong></span> <span class='ocrx_word' id='word_1_143' title='bbox 902 2447 997 2510; x_wconf 85' lang='lat' dir='ltr'><strong>aqua,</strong></span> <span class='ocrx_word' id='word_1_144' title='bbox 1020 2447 1143 2494; x_wconf 89' lang='lat' dir='ltr'><strong>arerem</strong></span> <span class='ocrx_word' id='word_1_145' title='bbox 1166 2434 1283 2494; x_wconf 89' lang='lat' dir='ltr'><strong>tamen.</strong></span> 
     </span>
    </p>

    <p class='ocr_par' dir='ltr' id='par_1_9' title="bbox 205 2531 1406 2818">
     <span class='ocr_line' id='line_1_23' title="bbox 291 2531 1332 2616; baseline -0.002 -19"><span class='ocrx_word' id='word_1_146' title='bbox 291 2531 385 2615; x_wconf 88' lang='lat' dir='ltr'><strong>Apud</strong></span> <span class='ocrx_word' id='word_1_147' title='bbox 416 2532 599 2596; x_wconf 88' lang='lat' dir='ltr'><strong>Terentium</strong></span> <span class='ocrx_word' id='word_1_148' title='bbox 621 2531 781 2616; x_wconf 86' lang='lat' dir='ltr'><strong>particule</strong></span> <span class='ocrx_word' id='word_1_149' title='bbox 804 2533 927 2614; x_wconf 89' lang='lat' dir='ltr'><strong>,quom&#39;</strong></span> <span class='ocrx_word' id='word_1_150' title='bbox 950 2532 1134 2597; x_wconf 89' lang='lat' dir='ltr'><strong>concessive</strong></span> <span class='ocrx_word' id='word_1_151' title='bbox 1157 2537 1332 2615; x_wconf 89' lang='lat' dir='ltr'><strong>usurpatur</strong></span> 
     </span>
     <span class='ocr_line' id='line_1_24' title="bbox 207 2633 1335 2717; baseline 0.002 -21"><span class='ocrx_word' id='word_1_152' title='bbox 207 2633 286 2697; x_wconf 88' lang='lat' dir='ltr'><strong>locis</strong></span> <span class='ocrx_word' id='word_1_153' title='bbox 315 2639 464 2715; x_wconf 89' lang='lat' dir='ltr'><strong>quattuor</strong></span> <span class='ocrx_word' id='word_1_154' title='bbox 493 2638 524 2697; x_wconf 91' lang='lat' dir='ltr'><strong>et</strong></span> <span class='ocrx_word' id='word_1_155' title='bbox 547 2633 593 2699; x_wconf 89' lang='lat' dir='ltr'><strong>ita</strong></span> <span class='ocrx_word' id='word_1_156' title='bbox 616 2633 754 2717; x_wconf 89' lang='lat' dir='ltr'><strong>quidem,</strong></span> <span class='ocrx_word' id='word_1_157' title='bbox 785 2639 819 2699; x_wconf 94' lang='lat' dir='ltr'><strong>ut</strong></span> <span class='ocrx_word' id='word_1_158' title='bbox 840 2633 1037 2699; x_wconf 78' lang='lat' dir='ltr'><strong>indicativus</strong></span> <span class='ocrx_word' id='word_1_159' title='bbox 1060 2636 1169 2714; x_wconf 84' lang='lat' dir='ltr'><strong>semel,</strong></span> <span class='ocrx_word' id='word_1_160' title='bbox 1190 2639 1237 2699; x_wconf 89' lang='lat' dir='ltr'><strong>ter</strong></span> <span class='ocrx_word' id='word_1_161' title='bbox 1260 2653 1335 2698; x_wconf 90' lang='lat' dir='ltr'><strong>eon-</strong></span> 
     </span>
     <span class='ocr_line' id='line_1_25' title="bbox 205 2722 1406 2818; baseline -0.002 -19"><span class='ocrx_word' id='word_1_162' title='bbox 205 2735 365 2800; x_wconf 89' lang='lat' dir='ltr'><strong>iunetivus</strong></span> <span class='ocrx_word' id='word_1_163' title='bbox 388 2742 548 2818; x_wconf 85' lang='lat' dir='ltr'><strong>sequetur.</strong></span> <span class='ocrx_word' id='word_1_164' title='bbox 1403 2722 1406 2727; x_wconf 70' lang='grc'><strong><em>’</em></strong></span> 
     </span>
    </p>

    <p class='ocr_par' dir='ltr' id='par_1_10' title="bbox 360 2838 786 2922">
     <span class='ocr_line' id='line_1_26' title="bbox 360 2838 786 2922; baseline 0 -20"><span class='ocrx_word' id='word_1_165' title='bbox 360 2839 395 2922; x_wconf 89' lang='lat' dir='ltr'><strong>a)</strong></span> <span class='ocrx_word' id='word_1_166' title='bbox 418 2838 614 2903; x_wconf 81' lang='lat' dir='ltr'><strong>indicativus</strong></span> <span class='ocrx_word' id='word_1_167' title='bbox 637 2838 786 2921; x_wconf 88' lang='lat' dir='ltr'><strong>sequitur.</strong></span> 
     </span>
    </p>

    <p class='ocr_par' dir='ltr' id='par_1_11' title="bbox 205 2939 1332 3126">
     <span class='ocr_line' id='line_1_27' title="bbox 292 2939 1332 3024; baseline 0.002 -19"><span class='ocrx_word' id='word_1_168' title='bbox 292 2941 511 3007; x_wconf 89' lang='lat' dir='ltr'><strong>Praemittitur</strong></span> <span class='ocrx_word' id='word_1_169' title='bbox 526 2941 687 3006; x_wconf 89' lang='lat' dir='ltr'><strong>sententia</strong></span> <span class='ocrx_word' id='word_1_170' title='bbox 704 2939 889 3006; x_wconf 88' lang='lat' dir='ltr'><strong>concessiva</strong></span> <span class='ocrx_word' id='word_1_171' title='bbox 900 2945 931 3005; x_wconf 92' lang='lat' dir='ltr'><strong>et</strong></span> <span class='ocrx_word' id='word_1_172' title='bbox 943 2940 1115 3024; x_wconf 92' lang='lat' dir='ltr'><strong>opponitur</strong></span> <span class='ocrx_word' id='word_1_173' title='bbox 1125 2940 1158 3004; x_wconf 91' lang='lat' dir='ltr'><strong>in</strong></span> <span class='ocrx_word' id='word_1_174' title='bbox 1174 2939 1332 3024; x_wconf 87' lang='lat' dir='ltr'><strong>primaria</strong></span> 
     </span>
     <span class='ocr_line' id='line_1_28' title="bbox 205 3042 849 3126; baseline -0.002 -19"><span class='ocrx_word' id='word_1_175' title='bbox 205 3055 313 3109; x_wconf 83' lang='lat' dir='ltr'><strong>tamea.</strong></span> <span class='ocrx_word' id='word_1_176' title='bbox 358 3042 499 3124; x_wconf 86' lang='lat' dir='ltr'><strong>Utraque</strong></span> <span class='ocrx_word' id='word_1_177' title='bbox 521 3062 597 3126; x_wconf 91' lang='lat' dir='ltr'><strong>pars</strong></span> <span class='ocrx_word' id='word_1_178' title='bbox 618 3042 771 3124; x_wconf 83' lang='lat' dir='ltr'><strong>negativa</strong></span> <span class='ocrx_word' id='word_1_179' title='bbox 793 3047 849 3108; x_wconf 87' lang='lat' dir='ltr'><strong>est.</strong></span> 
     </span>
    </p>

    <p class='ocr_par' dir='ltr' id='par_1_12' title="bbox 206 3142 1328 3331">
     <span class='ocr_line' id='line_1_29' title="bbox 290 3142 1328 3227; baseline -0.004 -17"><span class='ocrx_word' id='word_1_180' title='bbox 290 3145 370 3210; x_wconf 84' lang='lat' dir='ltr'><strong>Eun.</strong></span> <span class='ocrx_word' id='word_1_181' title='bbox 393 3146 463 3209; x_wconf 85' lang='grc'><strong>243.</strong></span> <span class='ocrx_word' id='word_1_182' title='bbox 507 3142 622 3208; x_wconf 90' lang='lat' dir='ltr'><strong>Omnia</strong></span> <span class='ocrx_word' id='word_1_183' title='bbox 646 3144 757 3226; x_wconf 84' lang='lat' dir='ltr'><strong>habeo,</strong></span> <span class='ocrx_word' id='word_1_184' title='bbox 778 3163 883 3226; x_wconf 91' lang='lat' dir='ltr'><strong>neque</strong></span> <span class='ocrx_word' id='word_1_185' title='bbox 905 3144 1076 3227; x_wconf 86' lang='lat' dir='ltr'><strong>quicquam</strong></span> <span class='ocrx_word' id='word_1_186' title='bbox 1100 3142 1217 3208; x_wconf 90' lang='lat' dir='ltr'><strong>habeo:</strong></span> <span class='ocrx_word' id='word_1_187' title='bbox 1250 3142 1328 3209; x_wconf 86' lang='lat' dir='ltr'><strong>nihil</strong></span> 
     </span>
     <span class='ocr_line' id='line_1_30' title="bbox 206 3245 720 3331; baseline -0.002 -19"><span class='ocrx_word' id='word_1_188' title='bbox 206 3267 300 3330; x_wconf 91' lang='lat' dir='ltr'><strong>quem</strong></span> <span class='ocrx_word' id='word_1_189' title='bbox 325 3253 382 3331; x_wconf 86' lang='lat' dir='ltr'><strong>est,</strong></span> <span class='ocrx_word' id='word_1_190' title='bbox 404 3245 484 3310; x_wconf 92' lang='lat' dir='ltr'><strong>nihil</strong></span> <span class='ocrx_word' id='word_1_191' title='bbox 507 3246 582 3312; x_wconf 81' lang='lat' dir='ltr'><strong>derit</strong></span> <span class='ocrx_word' id='word_1_192' title='bbox 605 3253 720 3312; x_wconf 92' lang='lat' dir='ltr'><strong>tamen.</strong></span> 
     </span>
    </p>

    <p class='ocr_par' dir='ltr' id='par_1_13' title="bbox 205 3334 1330 3944">
     <span class='ocr_line' id='line_1_31' title="bbox 356 3334 817 3437; baseline -0.004 -23"><span class='ocrx_word' id='word_1_193' title='bbox 356 3348 389 3433; x_wconf 90' lang='lat' dir='ltr'><strong>b)</strong></span> <span class='ocrx_word' id='word_1_194' title='bbox 414 3348 644 3414; x_wconf 84' lang='lat' dir='ltr'><strong>Coniunctivus</strong></span> <span class='ocrx_word' id='word_1_195' title='bbox 667 3334 817 3437; x_wconf 70' lang='lat' dir='ltr'><strong>scopitur.</strong></span> 
     </span>
     <span class='ocr_line' id='line_1_32' title="bbox 293 3451 955 3534; baseline 0.006 -23"><span class='ocrx_word' id='word_1_196' title='bbox 293 3457 318 3515; x_wconf 83' lang='lat'><strong>1.</strong></span> <span class='ocrx_word' id='word_1_197' title='bbox 341 3451 557 3534; x_wconf 88' lang='lat' dir='ltr'><strong>interponitur</strong></span> <span class='ocrx_word' id='word_1_198' title='bbox 579 3452 738 3517; x_wconf 87' lang='lat' dir='ltr'><strong>sententia</strong></span> <span class='ocrx_word' id='word_1_199' title='bbox 762 3453 955 3516; x_wconf 89' lang='lat' dir='ltr'><strong>concessiva.</strong></span> 
     </span>
     <span class='ocr_line' id='line_1_33' title="bbox 205 3552 1330 3638; baseline 0.002 -20"><span class='ocrx_word' id='word_1_200' title='bbox 205 3552 330 3618; x_wconf 89' lang='lat' dir='ltr'><strong>Phorm.</strong></span> <span class='ocrx_word' id='word_1_201' title='bbox 355 3556 425 3619; x_wconf 88' lang='grc'><strong>822.</strong></span> <span class='ocrx_word' id='word_1_202' title='bbox 462 3553 565 3633; x_wconf 74' lang='lat' dir='ltr'><strong>Quam</strong></span> <span class='ocrx_word' id='word_1_203' title='bbox 601 3555 758 3636; x_wconf 88' lang='lat' dir='ltr'><strong>scitumst,</strong></span> <span class='ocrx_word' id='word_1_204' title='bbox 790 3556 858 3621; x_wconf 92' lang='lat' dir='ltr'><strong>eius</strong></span> <span class='ocrx_word' id='word_1_205' title='bbox 890 3556 976 3619; x_wconf 92' lang='lat' dir='ltr'><strong>modi</strong></span> <span class='ocrx_word' id='word_1_206' title='bbox 1010 3555 1042 3618; x_wconf 92' lang='lat' dir='ltr'><strong>iu</strong></span> <span class='ocrx_word' id='word_1_207' title='bbox 1071 3554 1178 3618; x_wconf 88' lang='lat' dir='ltr'><strong>animo</strong></span> <span class='ocrx_word' id='word_1_208' title='bbox 1211 3571 1330 3638; x_wconf 89' lang='lat' dir='ltr'><strong>parare</strong></span> 
     </span>
     <span class='ocr_line' id='line_1_34' title="bbox 815 3656 1015 3741; baseline -0.005 -20"><span class='ocrx_word' id='word_1_209' title='bbox 815 3656 1015 3741; x_wconf 86' lang='lat' dir='ltr'><strong>cupiditates,</strong></span> 
     </span>
     <span class='ocr_line' id='line_1_35' title="bbox 458 3757 1329 3843; baseline -0.001 -20"><span class='ocrx_word' id='word_1_210' title='bbox 458 3757 555 3840; x_wconf 79' lang='lat' dir='ltr'><strong>Quas,</strong></span> <span class='ocrx_word' id='word_1_211' title='bbox 586 3778 680 3840; x_wconf 90' lang='lat' dir='ltr'><strong>quom</strong></span> <span class='ocrx_word' id='word_1_212' title='bbox 703 3779 755 3825; x_wconf 91' lang='lat' dir='ltr'><strong>res</strong></span> <span class='ocrx_word' id='word_1_213' title='bbox 777 3759 936 3824; x_wconf 84' lang='lat' dir='ltr'><strong>adversae</strong></span> <span class='ocrx_word' id='word_1_214' title='bbox 958 3759 1057 3842; x_wconf 86' lang='lat' dir='ltr'><strong>sieut,</strong></span> <span class='ocrx_word' id='word_1_215' title='bbox 1086 3759 1184 3843; x_wconf 91' lang='lat' dir='ltr'><strong>paulo</strong></span> <span class='ocrx_word' id='word_1_216' title='bbox 1207 3757 1329 3824; x_wconf 86' lang='lat' dir='ltr'><strong>mederi</strong></span> 
     </span>
     <span class='ocr_line' id='line_1_36' title="bbox 812 3860 930 3944; baseline 0 -19"><span class='ocrx_word' id='word_1_217' title='bbox 812 3860 930 3944; x_wconf 70' lang='lat' dir='ltr'><strong>possis!</strong></span> 
     </span>
    </p>

    <p class='ocr_par' dir='ltr' id='par_1_14' title="bbox 288 3963 929 4047">
     <span class='ocr_line' id='line_1_37' title="bbox 288 3963 929 4047; baseline 0.005 -20"><span class='ocrx_word' id='word_1_218' title='bbox 288 3967 316 4028; x_wconf 91' lang='grc'><strong>2.</strong></span> <span class='ocrx_word' id='word_1_219' title='bbox 339 3963 530 4047; x_wconf 81' lang='lat' dir='ltr'><strong>Adiungitur</strong></span> <span class='ocrx_word' id='word_1_220' title='bbox 552 3964 712 4029; x_wconf 85' lang='lat' dir='ltr'><strong>sententie</strong></span> <span class='ocrx_word' id='word_1_221' title='bbox 736 3963 929 4030; x_wconf 84' lang='lat' dir='ltr'><strong>concessive.</strong></span> 
     </span>
    </p>

    <p class='ocr_par' dir='ltr' id='par_1_15' title="bbox 203 4065 1326 4253">
     <span class='ocr_line' id='line_1_38' title="bbox 203 4065 1326 4150; baseline 0.001 -20"><span class='ocrx_word' id='word_1_222' title='bbox 203 4065 328 4131; x_wconf 91' lang='lat' dir='ltr'><strong>Phorm.</strong></span> <span class='ocrx_word' id='word_1_223' title='bbox 352 4068 421 4130; x_wconf 84' lang='lat'><strong>733.</strong></span> <span class='ocrx_word' id='word_1_224' title='bbox 465 4065 557 4144; x_wconf 81' lang='lat' dir='ltr'><strong>Quod</strong></span> <span class='ocrx_word' id='word_1_225' title='bbox 588 4074 622 4131; x_wconf 92' lang='lat' dir='ltr'><strong>ut</strong></span> <span class='ocrx_word' id='word_1_226' title='bbox 651 4067 788 4132; x_wconf 86' lang='lat' dir='ltr'><strong>iacerem</strong></span> <span class='ocrx_word' id='word_1_227' title='bbox 821 4071 948 4150; x_wconf 80' lang='lat' dir='ltr'><strong>egestas</strong></span> <span class='ocrx_word' id='word_1_228' title='bbox 979 4085 1030 4131; x_wconf 92' lang='lat' dir='ltr'><strong>me</strong></span> <span class='ocrx_word' id='word_1_229' title='bbox 1059 4065 1198 4150; x_wconf 90' lang='lat' dir='ltr'><strong>impulit,</strong></span> <span class='ocrx_word' id='word_1_230' title='bbox 1229 4086 1326 4149; x_wconf 89' lang='lat' dir='ltr'><strong>quom</strong></span> 
     </span>
     <span class='ocr_line' id='line_1_39' title="bbox 462 4165 1235 4253; baseline 0.001 -22"><span class='ocrx_word' id='word_1_231' title='bbox 462 4169 573 4234; x_wconf 90' lang='lat' dir='ltr'><strong>scirem</strong></span> <span class='ocrx_word' id='word_1_232' title='bbox 597 4168 740 4234; x_wconf 89' lang='lat' dir='ltr'><strong>infirmas</strong></span> <span class='ocrx_word' id='word_1_233' title='bbox 762 4167 892 4252; x_wconf 84' lang='lat' dir='ltr'><strong>nuptias</strong></span> <span class='ocrx_word' id='word_1_234' title='bbox 917 4165 922 4253; x_wconf 80' lang='grc' dir='ltr'>Ι</span> <span class='ocrx_word' id='word_1_235' title='bbox 947 4168 1053 4233; x_wconf 91' lang='lat' dir='ltr'><strong>Hasce</strong></span> <span class='ocrx_word' id='word_1_236' title='bbox 1074 4187 1146 4234; x_wconf 87' lang='lat' dir='ltr'><strong>esse</strong></span> <span class='ocrx_word' id='word_1_237' title='bbox 1169 4219 1175 4231; x_wconf 94' lang='lat'><strong>.</strong></span> <span class='ocrx_word' id='word_1_238' title='bbox 1198 4218 1235 4234; x_wconf 88' lang='lat'><strong>..</strong></span> 
     </span>
    </p>
   </div>
   <div class='ocr_carea' id='block_1_3' title="bbox 0 0 1452 4680">
    <p class='ocr_par' dir='ltr' id='par_1_16' title="bbox 0 0 1452 4680">
     <span class='ocr_line' id='line_1_40' title="bbox 0 0 1452 4680; baseline 0 2"><span class='ocrx_word' id='word_1_239' title='bbox 0 0 1452 4680; x_wconf 95' lang='lat' dir='ltr'><strong> </strong></span> 
     </span>
    </p>
   </div>
  </div>
 </body>
</html>
