2896 4680
1246 231 1282 292 31

336 401 372 462 B.
396 398 598 463 Coniunetiui
623 398 804 483 exemplum
828 397 957 480 legitur:

246 503 324 565 Eun.
349 504 419 566 216.
473 501 615 577 Memini,
646 501 772 565 tametsi
802 499 907 563 nullus
937 520 1077 565 moneas.
1099 539 1140 546 -
1163 503 1198 564 ln
1228 500 1287 565 hoe

159 604 307 687 exemplo
350 604 527 667 enuntiatio
569 603 760 667 secundaria
803 603 955 684 negativa
997 613 1046 666 θεῖ
1083 610 1115 668 θῖ
1151 604 1288 668 adieitur

159 707 343 790 primariae.

246 810 282 873 ln
317 809 537 873 enuntiatione
571 808 723 891 primaria
757 807 924 890 particulis
958 814 1037 885 ‚tam
1072 810 1146 890 etsi,
1178 815 1286 873 tamen

160 912 233 977 etsi'
261 931 365 992 neque
387 913 474 993 apud
500 911 647 974 Plautum
671 929 774 990 neque
797 909 883 992 apud
907 910 1091 974 Terentium
1116 913 1287 995 opponitur

161 1014 294 1095 ‚tamen'
317 1023 372 1077 aut
395 1015 461 1077 alia
484 1014 552 1077 eius
575 1012 661 1076 modi
685 1013 843 1095 partieula
866 1013 1083 1077 adversativa.

248 1114 317 1193 Qua
341 1117 381 1180 de
406 1135 505 1180 eausa
529 1115 704 1180 refellenda
728 1123 776 1180 θεῖ
792 1116 936 1180 Muelleri
960 1115 1004 1179 ad
1027 1115 1113 1180 Stielr
1139 1118 1201 1178 695
1217 1136 1287 1180 eon-

163 1220 282 1283 ieotura
309 1218 343 1301 (l.
366 1238 390 1282 e.
414 1239 443 1301 p.
467 1217 555 1300 474);
579 1271 585 1282 .
609 1267 615 1281 .
639 1267 645 1281 .
668 1218 810 1281 Samiolo
840 1219 962 1301 potorio
986 1221 1067 1282 'lam
1091 1217 1148 1282 etsi
1159 1217 1183 1301 ¹)
1211 1218 1288 1282 bibi-

165 1341 242 1403 mus‚
264 1328 371 1385 tarnen
395 1320 549 1386 effluimus
573 1341 630 1404 pro
653 1320 768 1402 opibus
791 1327 901 1383 nostra
924 1321 1061 1384 moenia.
1083 1358 1125 1364 —-
1154 1320 1288 1401 Deque

164 1424 232 1486 loeo
255 1423 292 1487 ef.
317 1445 345 1507 p.
371 1426 398 1488 8.

249 1529 412 1609 Tempora
436 1535 467 1591 et
490 1526 576 1589 modi
600 1546 635 1590 se
659 1525 823 1608 excipiunt
848 1526 880 1588 in
897 1533 1031 1607 utroque
1048 1526 1188 1589 membro
1205 1525 1288 1588 hune

160 1629 193 1690 in
218 1629 361 1693 modum:

248 1748 271 1810 1.
295 1749 331 1811 ln
355 1753 490 1827 utraque
514 1747 673 1811 sententia
696 1746 812 1828 legitur
835 1753 1034 1810 indicativus:

250 1849 283 1933 a)
304 1873 424 1929 prues.:
467 1856 516 1914 est
539 1850 571 1912 in
594 1849 771 1933 prineipali,
794 1849 939 1930 sequitur
961 1849 993 1910 in
1017 1848 1208 1911 secundaria

340 1957 366 2017 1.
385 1976 509 2032 prees:
565 1953 679 2036 Amph.
703 1954 772 2016 977.
817 1951 881 2015 Mil.
905 1955 975 2014 744.
1021 1949 1118 2013 Stich.
1142 1953 1289 2031 4132tto.

387 2079 508 2134 pirena:
563 2056 658 2119 Poen.
682 2058 752 2119 342.

562 2158 658 2223 Andr.
683 2160 751 2220 348.
798 2158 875 2220 Eun.
899 2159 968 2220 316.
1014 2155 1137 2219 Phorm.
1161 2157 1231 2219 428.

339 2264 366 2325 2.
388 2267 487 2340 perfi:
565 2261 658 2324 Poen.
685 2263 774 2322 1201.
821 2259 823 2264 ’

339 2367 366 2427 3.
385 2372 445 2443 fat.
470 2369 505 2428 I:
563 2363 633 2427 Aul.
658 2364 726 2426 768.

339 2471 367 2530 4.
389 2476 546 2546 imperet:
564 2466 676 2530 Pseud.
701 2471 771 2530 471.

249 2570 284 2653 b)
307 2575 447 2648 imperf:

384 2679 488 2751 *perfis
565 2670 676 2754 Amph.
701 2674 741 2733 20
765 2690 832 2752 sqq.

251 2773 281 2856 θ)
299 2782 403 2854 pers..-

344 2884 369 2942 1.
391 2900 510 2957 praes:
565 2875 679 2941 Pseud.
702 2879 774 2941 244.
804 2875 907 2940 ¹Cure.
932 2879 1002 2939 504.

339 2983 368 3045 2.
387 2988 449 3062 fut.
478 2987 506 3044 l:
564 2979 654 3066 Cure.
677 2981 748 3044 259.

251 3082 286 3166 d)
306 3089 369 3163 sut.
396 3089 445 3148 II:

387 3193 448 3264 fut.
472 3191 503 3248 I:
558 3185 638 3248 Men.
663 3186 712 3249 92.

249 3287 280 3370 e)
301 3309 417 3366 prora:
439 3286 669 3368 eoniugationis
693 3283 958 3368 periphrastioae:

389 3411 510 3468 praua:
566 3389 650 3452 Pers.
675 3391 744 3450 361.

250 3509 290 3572 ll.
317 3515 516 3574 [ordinativum
551 3508 730 3590 praesentis
766 3509 798 3569 in
837 3506 1001 3570 enuntiato
1032 3503 1221 3569 secundario
1245 3523 1291 3567 se·

165 3611 271 3692 quitur
302 3612 334 3674 in
365 3610 532 3695 prineipali
566 3617 789 3687 coniunctivae,
825 3609 879 3690 qui
916 3608 1035 3691 pendet
1065 3627 1104 3672 ex
1134 3605 1291 3690 partieula

165 3713 239 3794 ‚ne'.
284 3713 376 3795 Capi.
401 3716 469 3776 321.

251 3833 308 3897 lll.
336 3840 544 3898 t'ooiooctiuus
567 3837 674 3896 exstat
697 3832 730 3894 in
754 3829 913 3894 sententia
936 3829 1132 3911 eoncessiva‚
1154 3829 1185 3891 in
1207 3828 1291 3911 prin-

165 3934 262 4018 oipali
287 3942 481 4000 indicativus.

252 4125 272 4185 ¹)
290 4120 438 4187 ,Tametsi'
457 4121 474 4172 l.
488 4135 510 4172 e.
530 4119 677 4186 proposuit
695 4118 844 4171 Muellerus
863 4133 932 4184 non,
957 4117 1033 4184 quod
1057 4131 1119 4169 eum
1138 4116 1291 4169 coniecisse

165 4206 194 4257 in
212 4204 307 4259 adnot.
326 4205 361 4257 ad
380 4204 405 4256 h.
419 4205 435 4258 1.
456 4209 566 4257 enarrat
584 4203 720 4257 Goetaius
741 4202 910 4270 ,Tamenetsi
929 4202 1067 4256 bibimus’
1085 4216 1126 4268 sq.
