2896 4680
159 221 199 280 44

159 389 309 454 resciscet
341 394 448 453 tamen
482 387 670 471 Amphitruo
702 409 769 454 rom
806 410 941 455 omnem.
974 427 1015 437 —
1049 391 1140 454 Hune
1177 395 1288 456 tamen

158 494 262 556 locum
287 491 319 554 in
342 491 556 574 suspicionem
579 497 673 555 vocat
688 493 860 575 Langenus
882 493 902 558 l.
918 513 943 558 c.
966 515 996 576 p.
1014 498 1061 577 43,
1085 494 1140 575 qui
1155 500 1287 576 propter

159 615 286 660 versum
309 597 367 657 491
394 593 519 677 spurios
543 613 612 660 esso
635 600 728 678 putat
744 615 855 660 versus
879 599 1061 673 lib—4953
1086 597 1289 661 consentiunt

159 718 229 762 eum
253 699 406 780 Langeno
430 697 584 762 Goetnius
607 698 757 762 Loevvius
779 697 811 762 in
834 699 883 764 ed.
899 699 962 763 bf.

638 893 811 956 Quamvis.

248 1006 411 1071 Particula
434 1004 610 1088 ,quamvis'
633 1006 784 1070 tredecim
807 1006 886 1070 locis
908 1005 1069 1071 invenitur
1092 1007 1178 1090 apud
1196 1007 1291 1072 Plau·

160 1115 236 1174 tum.
292 1110 517 1175 Concessivam
550 1108 712 1173 notionem
752 1109 849 1173 habet
887 1108 1012 1172 duobus
1049 1115 1173 1174 tantum
1206 1110 1290 1174 locis

160 1220 313 1294 sequente
329 1210 541 1277 coniunctivo.
586 1211 709 1275 Ceteris
723 1210 801 1275 locis
816 1211 858 1274 ad
879 1212 942 1275 vim
960 1213 1141 1295 augendam
1158 1213 1290 1279 additur

161 1314 322 1380 adverbiis
345 1313 396 1379 vel
420 1313 588 1378 adiectivis
611 1321 643 1377 et
665 1312 748 1377 idem
773 1313 860 1379 valet
882 1333 921 1379 ac
943 1335 1018 1398 ‚gar
1041 1315 1113 1380 sehr
1122 1316 1168 1400 '.¹)

246 1419 350 1499 Atque
372 1417 508 1500 primum
533 1417 660 1498 quidem
684 1416 724 1480 de
748 1417 794 1480 eis
823 1417 902 1480 locis
924 1417 1088 1496 disseram,
1112 1417 1165 1482 ubi
1188 1419 1289 1501 parti-

160 1521 232 1585 cula
255 1518 418 1602 quamvis’
441 1519 602 1583 notionem
627 1518 722 1583 habet
743 1539 818 1602 ‚gar
841 1519 936 1584 sehr'.

250 1627 273 1685 1.
301 1621 464 1685 Particula
496 1622 644 1702 quamvis
667 1641 735 1685 cum
761 1621 924 1686 adverbiis
946 1621 1114 1686 coniuncta
1137 1630 1201 1687 est:

289 1724 380 1807 Epid.
414 1727 461 1788 16.
502 1725 655 1789 audacter
689 1724 836 1806 quamvis
870 1725 974 1789 dicito.
1013 1762 1056 1771 —
1097 1724 1193 1791 Stich.
1226 1729 1288 1788 719

772 1847 817 1911 ‚q.
840 1827 986 1892 desubito
995 1826 1012 1893 '.

290 1918 402 1997 Bacch.¹
420 1932 489 1994 339.
533 1930 582 1996 Ab
605 1950 642 1994 eo
664 1929 773 1995 licebit
796 1931 944 2012 quamvis
968 1931 1072 1994 subito
1096 1948 1229 1995 sumere.

289 2035 379 2100 Most.
396 2037 465 2098 411.
510 2031 665 2109 Quamvis
688 2033 833 2097 desubito
856 2033 982 2097 facilest
1004 2032 1109 2098 facere
1132 2033 1289 2115 nequiter.

290 2137 384 2201 Mero.
402 2139 470 2199 726.
505 2135 539 2199 Si
555 2135 703 2199 innoxius
720 2172 760 2180 -
780 2137 822 2200 L:
842 2136 1003 2201 Audacter
1019 2137 1165 2218 quamvis
1180 2135 1289 2201 dicito.

246 2240 298 2303 Sic
321 2239 417 2302 libros
433 2245 559 2303 secutus
583 2259 652 2303 curn
670 2239 802 2303 Goetzio
819 2238 957 2323 (Mercl)
978 2239 1098 2322 scripsi,
1121 2239 1182 2304 nisi
1200 2239 1287 2320 quod

159 2342 311 2406 librorum
335 2342 501 2406 lectionem
525 2341 614 2422 ‚Soio
637 2340 799 2404 innoxius’
823 2362 863 2406 ex
880 2341 985 2405 Bolbii
1009 2341 1231 2407 emendatione
1255 2342 1289 2405 in

159 2446 205 2528 ‚Si
229 2443 393 2508 innoxius’
418 2444 606 2508 mutandam
630 2462 700 2508 esse
716 2445 826 2507 censui
850 2464 920 2507 oum
939 2443 1121 2524 Ritscbelio,
1144 2445 1289 2510 Goetnio.

159 2585 203 2596 -
218 2548 303 2612 'Prin
320 2549 390 2612 380.
427 2546 528 2611 Multa
543 2566 603 2629 ego
620 2567 750 2630 possum
767 2546 860 2610 docta
876 2547 962 2611 dicta
982 2548 1130 2629 quamvis
1151 2546 1289 2613 facundo

160 2649 256 2732 loqui.
281 2688 324 2696 —
354 2648 407 2713 Sic
434 2649 535 2712 scribo
560 2669 628 2712 curn
655 2648 771 2726 Brixio,
795 2669 888 2730 quem
911 2649 985 2713 vide
1008 2648 1050 2712 ad
1073 2649 1102 2715 lr.
1116 2649 1135 2713 l.
1158 2671 1187 2733 p.
1207 2652 1290 2715 1383.

161 2753 295 2818 Codices
318 2751 436 2817 habent
459 2751 561 2834 ‚dicta
583 2757 614 2816 et
637 2752 785 2833 quamvis
809 2751 829 2815 f.
845 2751 872 2815 l.’

247 2855 412 2920 Oodicess
442 2853 578 2918 traditur
608 2854 786 2936 ‚quamvis’
819 2855 915 2919 etiarn
938 2855 1089 2936 Miltilb,
1119 2854 1172 2918 ubi
1206 2855 1289 2920 banc

161 2957 353 3043 particulam
377 2958 409 3020 in
432 2962 521 3021 textu
544 2956 650 3040 posuit
674 2956 850 3039 Ussingius.

247 3060 333 3124 Malo
349 3065 457 3123 tamen
474 3078 544 3122 cum
561 3059 744 3140 Ritscbelio,
767 3058 985 3135 Fleckeiseno‚
1009 3058 1118 3121 Brixio
1135 3058 1287 3125 scribere:

162 3166 322 3250 ‚Loquere
344 3163 451 3246 lepide
474 3168 505 3226 et
528 3161 717 3227 commode’.

249 3271 276 3333 2.
311 3267 390 3331 Cum
425 3265 584 3330 adiectivo
617 3265 785 3330 coniuncta
823 3270 871 3328 est
904 3262 953 3328 his
985 3264 1079 3329 locis:
1112 3263 1194 3329 Men.
1218 3266 1290 3330 318.

163 3369 317 3448 Quamvis
347 3368 500 3433 ridiculus
531 3374 595 3449 est,
626 3366 679 3431 ubi
710 3388 789 3430 uxor
819 3387 881 3430 non
913 3367 1011 3431 adest.
1034 3403 1080 3445 -q
1099 3367 1191 3430 Mero.
1217 3367 1289 3432 687.

163 3472 318 3550 Quamvis
341 3472 494 3555 insipiens
517 3477 642 3554 poterat
665 3470 896 3554 persentiscere
919 3468 1038 3553 (Quam
1062 3469 1111 3532 vis
1134 3471 1168 3533 B.
1189 3489 1287 3550 quarn

163 3577 229 3641 rell.
260 3574 564 3662 6611166161).
610 3573 722 3639 Pseud.
751 3578 837 3636 1175.
862 3572 1009 3654 quamvis
1032 3572 1143 3654 pernix
1168 3571 1218 3636 lric
1240 3578 1290 3637 θεῖ

165 3679 267 3744 homo.
297 3716 338 3724 —
368 3677 436 3762 ,bic
466 3684 514 3742 θεῖ
545 3676 655 3740 homo’
689 3696 758 3741 cum
782 3674 954 3740 Ritscbelio
978 3674 1090 3758 scripsi
1114 3673 1287 3738 secundum

250 3867 270 3933 ¹)
290 3864 324 3918 οῖ’.
338 3864 412 3916 Brix.
432 3863 495 3916 adu.
514 3863 549 3915 ad
569 3863 645 3916 'l'rin
665 3879 691 3916 v.
705 3867 761 3915 381,
782 3893 815 3900 —
834 3860 949 3913 Kiihner
967 3861 984 3912 l.
998 3876 1020 3912 c.
1040 3877 1065 3927 p.
1079 3863 1137 3914 961.
1173 3860 1288 3913 Lorenz.

164 3951 227 4004 adn.
245 3949 281 4003 ad
300 3950 379 4002 Most.
392 3967 417 4002 v.
432 3954 481 4002 :roo
499 3951 599 4015 (1866).
627 3947 682 4002 Sed
701 3948 776 4015 quod
796 3945 948 4000 herennius
969 3945 1044 4013 dicit,
1061 3960 1122 3998 cum
1141 3944 1288 3999 adiectivis

164 4037 276 4104 saepius
290 4050 371 4103 quam
384 4050 444 4088 curn
458 4033 599 4087 adverbiis
618 4034 746 4100 coniungi
766 4033 836 4085 hanc
855 4031 1031 4099 particulam:
1051 4037 1156 4098 septem
1175 4030 1289 4085 omnino

164 4120 240 4190 apud
258 4121 385 4174 Plautum
405 4125 516 4172 exstant
533 4119 648 4185 (omisso
666 4118 745 4172 llost.
765 4134 790 4169 v.
802 4119 850 4168 652
872 4116 948 4184 [vide
966 4113 1067 4182 infrall
1085 4115 1287 4182 adverbiorum,

165 4221 214 4263 sex
233 4205 434 4261 adiectivorum
453 4203 590 4273 exempla.
