2896 4680
1246 223 1286 284 33

678 396 776 450 Utua.

246 490 351 554 Huius
374 489 554 573 particulae
577 498 648 555 oeto
664 493 797 576 praebet
812 493 947 556 Plautus
969 491 1128 576 exempla.
1172 494 1286 559 Modus

159 593 303 676 sequitur
325 592 528 658 indicativus.

246 696 281 780 a)
305 696 524 760 Praemittitur
547 698 706 761 sententia
728 699 922 762 eoneessiva.

246 799 338 864 Most.
362 803 432 863 545.
454 836 496 844 -
519 799 608 862 oodd.
632 798 763 864 babent:
787 802 876 866 Siout
898 809 942 865 mi
966 800 1061 865 habet
1083 821 1192 866 verum
1217 807 1286 866 utut

159 923 212 968 res
239 921 312 966 esse
335 901 463 966 ssacba
485 921 551 966 sse
569 925 631 981 pro
655 921 727 966 esse
749 903 812 968 Bc.
850 909 920 968 utut
942 923 992 968 res
1015 924 1086 968 esse
1109 904 1165 969 Dc
1187 903 1286 989 (quod

160 1004 367 1070 Camerarius
390 1005 525 1088 recepit.)
548 1004 654 1086 habet,
677 1006 811 1088 Pergam
835 1007 963 1071 turbare
986 1027 1088 1090 porro.

246 1107 289 1172 Ut
311 1113 432 1172 reatum
456 1127 580 1171 versum
604 1107 755 1191 efficeret,
780 1109 910 1173 Bothius
933 1110 1080 1175 eonieoit:

316 1210 406 1275 Siout
428 1211 470 1273 mi
495 1209 598 1274 babet.
643 1230 753 1274 verum
777 1212 858 1275 rituti
882 1231 953 1277 sese
976 1214 1027 1276 res
1051 1212 1155 1293 habet,

317 1314 451 1396 Pergam
475 1312 604 1376 turbare
626 1333 728 1394 porro.

163 1414 216 1479 Sin
238 1415 365 1499 scripsit
390 1414 538 1478 Bothium
562 1422 689 1479 seoutus
712 1415 915 1480 Ritsohelins

246 1517 325 1582 Mihi
350 1520 452 1599 magis
475 1518 589 1601 planet,
611 1518 695 1598 quod
720 1518 804 1582 idem
821 1517 1014 1582 Ritsebelius
1030 1519 1062 1582 in
1078 1519 1286 1583 adnotatione

159 1620 334 1704 proposuit,
356 1629 387 1685 et
409 1620 494 1701 quod
517 1621 549 1682 in
573 1627 693 1684 textum
717 1621 839 1704 reoepit
861 1620 1050 1685 Lorenaius:

263 1722 365 1806 ‚Siout
387 1742 439 1786 me
462 1721 560 1786 habet
582 1745 672 1788 arrae.
696 1727 806 1787 vorum
830 1728 900 1787 utut
922 1743 973 1788 res
996 1727 1067 1787 sese
1091 1722 1197 1804 habet,
1284 1754 1288 1762 ·

265 1826 400 1908 Pergam
423 1825 553 1889 turbare
575 1830 678 1909 pluro.

162 1928 233 1992 Hae
254 1927 337 1992 enim
363 1928 588 1993 emendatione
603 1936 748 1993 servatur
764 1927 841 1991 ordo
857 1928 1026 1993 verborum
1050 1933 1133 2010 ,utut
1148 1947 1199 1992 res
1215 1947 1286 1992 sese

162 2030 208 2113 b.',
231 2031 286 2114 qui
309 2031 457 2096 omnibus
479 2031 569 2095 libris
592 2031 802 2096 confirmatur.
824 2068 867 2077 —

247 2135 362 2201 Pseud.
378 2137 447 2199 310.
472 2172 512 2180 —-
536 2135 627 2197 Troo.
652 2137 721 2200 894.
766 2133 843 2198 Utut
864 2132 943 2196 illud
967 2138 1176 2217 aoeeptumst,
1196 2133 1286 2217 prius

161 2238 247 2321 quod
278 2238 413 2322 perdidi,
443 2239 501 2301 boo
531 2237 650 2301 addam
681 2237 820 2320 insuper.
848 2273 891 2282 —
919 2236 1021 2319 Vulgo
1053 2237 1137 2317 quod
1171 2236 1287 2319 legitur

161 2341 212 2424 (V,
236 2339 268 2426 2)
292 2336 470 2424 ,aeoeptum
495 2340 547 2403 sit'
577 2347 661 2405 reete
689 2339 893 2405 emendatum
916 2344 965 2403 est
988 2358 1008 2402 a
1031 2338 1187 2404 Goellero.
1232 2338 1286 2422 (of.

160 2443 258 2508 etiam
282 2443 443 2507 Holtaium
467 2442 487 2507 l.
512 2461 536 2506 o.
560 2462 589 2525 p.
615 2442 697 2525 116).
1393 2506 1395 2511 .

177 2591 180 2599 -
246 2546 281 2630 b)
304 2545 528 2628 interponitur.
573 2545 668 2609 Poen.
691 2546 760 2608 833.
805 2545 860 2626 qui
884 2543 989 2624 habet,
1019 2543 1104 2625 quod
1127 2543 1188 2625 det,
1218 2549 1287 2607 utut

161 2647 295 2730 homost,
317 2646 433 2714 Omnia
455 2666 574 2729 genera
589 2647 793 2729 recipiuntur.
837 2645 885 2728 (at
907 2646 994 2729 libri)
1018 2644 1144 2726 ,utut'e
1166 2646 1287 2711 ooniee·

163 2756 237 2814 tura
258 2750 406 2815 Gulielmi
431 2749 544 2832 seripsi
568 2768 638 2812 oum
662 2748 795 2813 Goetaio
818 2749 957 2813 Loewio.

250 2852 280 2939 e)
302 2852 459 2935 Sequitur.
503 2850 616 2933 Amph.
642 2854 731 2916 1100.
776 2852 842 2914 lam
866 2850 948 2913 istuo
971 2850 1112 2936 gaudeo,
1135 2849 1212 2914 Utut
1236 2870 1286 2916 me

165 2974 242 3038 erga
263 2956 417 3021 meritant.
440 2990 482 2999 —
504 2973 568 3036 ‚me
589 2955 680 3036 erga’
704 2953 900 3036 transposuit
916 2952 1119 3041 Sabmidtius,
1143 2953 1183 3016 de
1199 2974 1285 3036 pron.

162 3057 243 3124 dem.
265 3058 369 3123 forma
399 3080 429 3142 p.
453 3061 506 3140 75,
535 3057 685 3121 librorum
719 3074 808 3137 ,erga
839 3054 911 3135 me’,
942 3074 1035 3136 quem
1068 3072 1183 3135 sequor
1214 3074 1285 3119 oum

161 3160 294 3226 Goetzio
316 3161 456 3225 Loewio.

246 3263 282 3344 d)
305 3261 484 3348 Opponitur
498 3263 529 3325 in
547 3262 713 3326 enuntiato
730 3261 883 3343 primario
901 3271 1014 3325 tamea:
1038 3258 1114 3324 cist.
1131 3260 1153 3326 l.
1173 3266 1199 3341 1,
1218 3264 1287 3328 111.

161 3371 231 3430 btut
253 3385 331 3449 erga
353 3386 405 3430 me
435 3372 484 3430 est
506 3365 653 3445 meritus,
683 3363 759 3427 mibi
790 3363 911 3427 oordlst
937 3370 1054 3427 tamen.
1098 3363 1285 3428 Muellerum

162 3467 247 3532 enim
284 3487 399 3551 sequor
436 3469 468 3532 in
508 3466 675 3532 scribendo
712 3465 772 3531 hoo
808 3485 916 3547 versu,
957 3466 1011 3546 qni
1044 3485 1127 3547 pros.
1160 3487 1189 3548 p.
1223 3467 1284 3528 349

161 3569 226 3653 legi
247 3572 331 3636 vult:

247 3673 440 3755 ‚lnelamare
462 3693 542 3739 eum.
587 3671 697 3756 (‚Eum
721 3669 910 3736 inclamare'
933 3670 1019 3754 libri)
1042 3676 1112 3734 utut
1134 3688 1212 3753 erga
1235 3688 1285 3733 me

164 3777 242 3858 sqq.’
265 3776 421 3860 probante
445 3776 552 3841 Rrixio
576 3776 609 3838 in
631 3774 677 3838 Fl.
701 3795 772 3838 ann.
799 3776 857 3836 123
880 3772 924 3864 (a.
944 3761 1039 3856 1881)
1063 3792 1091 3855 p.
1116 3773 1166 3837 53.
1186 3770 1284 3853 ,med'

162 3897 219 3960 pro
242 3877 319 3960 ‚me'
342 3879 446 3960 posito
469 3877 661 3942 Ritsohelius
683 3876 766 3939 huno
789 3896 915 3940 versum
939 3874 1077 3939 sanavit.

248 3982 285 4044 In
315 3982 471 4064 exemplis
502 3979 608 4045 adhue
636 3979 745 4044 allatis
775 3984 910 4060 utraque
940 3977 1119 4042 enuntiatio
1147 3975 1284 4041 affirma·

162 4082 262 4147 tivam
286 4083 421 4147 formam
444 4082 586 4167 praebet,
609 4082 792 4164 negativam
815 4080 911 4145 habet
931 4078 1107 4145 enuntiatio
1130 4079 1285 4162 primaria

161 4185 196 4250 in
218 4185 268 4252 his
291 4185 459 4270 exemplis:

1132 4303 1146 4352 3
