2896 4680
1199 229 1240 290 29

114 396 255 461 voluisse
284 397 350 461 iam
381 397 576 476 Bentleium‚
610 397 900 462 Sonnensoheinius
934 396 967 460 in
997 396 1138 462 editione
1169 397 1242 462 uf.

115 499 214 583 (Lips.
241 498 336 583 1880)
360 506 471 564 auetor
493 506 550 564 est.
574 536 614 545 -
639 501 733 564 Poen.
759 503 848 563 1201.
872 536 914 544 -

201 619 296 684 Stioh.
322 623 392 685 205.
437 620 500 683 Eos
528 621 632 683 omnis
662 626 727 684 tam
758 620 819 684 etsi
852 619 957 685 herele
985 618 1069 685 haud
1092 619 1242 701 indignos

113 721 228 803 indito,
251 721 311 799 Qui
336 723 468 786 multum
493 722 598 787 miseri
622 722 693 806 sint,
716 722 869 799 laborent,
893 722 936 785 nil
960 741 1072 785 moror.
1098 759 1139 767 —

201 826 238 888 ln
269 844 364 888 versu
394 828 455 888 206
479 845 550 888 oum
575 825 707 889 Goetzio
732 824 875 909 (stione)
899 825 1041 889 oodioum
1066 832 1192 908 praeter
1213 825 1241 887 A

115 928 186 1013 (qui
209 928 307 1008 ‚sunt’
332 927 477 1010 praebet)
494 928 683 1011 scripturam
707 927 798 1012 ,sint’
822 926 958 1007 restitui,
981 946 1076 1009 quam
1101 926 1243 993 defendit

117 1031 259 1113 Boggius
281 1029 314 1092 in
337 1030 444 1113 philol.
468 1032 504 1092 31
532 1031 573 1113 (a.
600 1030 693 1114 1872)
717 1050 747 1113 p.
769 1033 839 1093 247.

201 1131 408 1213 Ritsohelius,
437 1152 529 1214 quem
562 1133 740 1198 offenderat
762 1132 1032 1196 eoniunetivorum
1057 1131 1134 1213 ‚sint
1155 1131 1243 1195 labo-

117 1240 201 1298 rent’
235 1234 425 1316 cumulatio,
464 1234 643 1300 coniecerat
677 1240 743 1315 ‚sat
780 1233 952 1316 laborent',
988 1253 1123 1315 quocum
1167 1233 1243 1298 feeit

116 1335 354 1402 Fleckeisenus

200 1438 388 1502 Enuntiatio
411 1440 604 1502 secundaria
627 1439 810 1521 negativam
834 1440 971 1502 formam
994 1438 1105 1502 habet:

122 1558 205 1622 Pers.
234 1559 292 1620 361
319 1577 379 1639 sqq
424 1558 505 1621 Erus
528 1564 556 1621 sl
579 1559 718 1622 minatus
741 1562 790 1622 est
812 1558 931 1622 malum
955 1563 1047 1622 servo
1071 1577 1128 1621 suo

426 1663 508 1724 'Pam
543 1666 603 1724 etsl
638 1661 770 1723 daturus
803 1666 868 1723 non
901 1664 964 1742 est,
996 1660 1050 1724 ubi
1084 1664 1242 1743 oaptrtmst

731 1762 874 1845 flagrum,

422 1866 506 1929 Dum
519 1866 660 1929 tr'rnioam
672 1866 700 1928 is
712 1867 810 1949 ponit,
823 1870 945 1946 quanta
957 1865 1093 1930 afficitur
1105 1866 1243 1930 miseria.

118 1986 167 2051 De
190 1985 250 2048 hoe
272 1984 342 2049 loeo
366 1985 403 2048 et'.
427 2006 456 2067 p.
479 1988 528 2049 27.
551 2021 593 2029 -
616 1985 706 2048 Cure.
730 1988 800 2049 504.
823 2022 865 2029 —
888 1985 926 2050 of.
949 1986 969 2048 l.
991 2003 1016 2049 o.

203 2087 346 2169 Utraque
370 2107 447 2170 pars
470 2086 665 2152 affirmativa
688 2092 751 2151 est:

106 2199 213 2272 'Stion
236 2212 286 2270 41.
324 2206 535 2284 Quamobrem
560 2211 619 2289 ego
643 2212 674 2270 te
696 2205 764 2288 hoo,
791 2227 887 2287 soror,
909 2213 976 2269 tam
999 2206 1059 2269 etsi
1083 2209 1117 2269 es
1139 2206 1243 2268 maior

322 2311 436 2374 Moneo
458 2314 494 2374 ut
517 2315 603 2373 tuom
629 2308 811 2374 memineris
834 2308 983 2373 dsfioium.

203 2432 229 2492 3.
253 2428 397 2494 Adieota.
441 2429 614 2511 Utriusque
638 2428 794 2493 enuntiati
818 2447 929 2492 sensus
953 2433 1001 2491 est
1025 2425 1243 2492 affirmativus,

40 2533 43 2537 ’
117 2532 232 2615 Amph.
255 2534 295 2594 20
319 2551 387 2614 sqq.
438 2531 623 2596 Paternus
653 2549 703 2595 me
735 2531 820 2594 misit
851 2530 893 2594 ad
917 2549 974 2594 vos
998 2536 1120 2593 oratum
1145 2548 1243 2609 meus,

117 2635 200 2696 'lam
230 2634 289 2698 etsi
320 2654 378 2718 pro
409 2635 533 2717 inperio
564 2634 655 2698 vobis
685 2632 769 2714 quod
793 2632 912 2696 dietum
938 2633 1024 2712 foret,
1048 2631 1156 2695 Soibat
1179 2631 1243 2694 fao-

117 2743 213 2801 turos.
236 2773 277 2780 —
301 2736 415 2800 Pseud.
435 2741 506 2801 471.
529 2773 569 2781 -
592 2737 687 2800 Poen.
711 2738 781 2799 342.
826 2734 930 2798 Proba
947 2754 1029 2799 mers
1046 2733 1141 2798 facile
1157 2753 1243 2817 emp·

117 2842 217 2901 torem
232 2838 358 2921 reperit,
380 2844 447 2901 tam
464 2839 523 2903 etsi
538 2838 570 2900 in
594 2837 742 2902 abstruso
766 2837 867 2901 sitast.
889 2874 930 2881 —
953 2835 1065 2913 ,mers'
1088 2835 1242 2917 seriptum

118 2941 219 3005 estin
243 2941 367 3020 nect),
390 2947 467 3021 ‚tam
490 2940 564 3004 etsi’
588 2940 755 3023 praebent:
789 2939 841 3002 ΕΖ
865 2958 935 3003 oum
960 2940 996 3020 A,
1019 2937 1132 3019 reliqui
1156 2936 1242 3001 libri:

126 3049 229 3108 tarem
253 3052 270 3106 e
294 3051 324 3107 et
347 3042 387 3106 si’
412 3043 447 3106 Β.
469 3049 584 3122 ‚tarem
608 3048 656 3106 est
678 3049 710 3106 et
732 3040 770 3104 si'
797 3041 862 3106 01).

204 3163 370 3227 Sententia
392 3150 548 3246 primaria
572 3161 723 3244 negativa
747 3168 807 3225 est:
998 3228 1000 3231 ,

202 3266 282 3329 Mon.
307 3267 356 3329 92.
377 3302 420 3310 -
442 3264 541 3329 Codd.
563 3264 729 3348 praebent:
753 3265 937 3344 Numquam
960 3262 1075 3346 edepol
1095 3267 1126 3326 te
1143 3261 1243 3344 fugiet

117 3369 195 3431 tiam
223 3368 283 3432 etsi
307 3368 356 3431 Ba
378 3367 479 3450 fugiet
501 3367 599 3431 etiam
623 3366 682 3430 etsi
706 3365 753 3429 Bb
776 3366 879 3448 fugiet
901 3366 965 3428 iam
988 3366 1047 3430 etsi
1066 3364 1148 3429 ODZ
1172 3384 1244 3428 oon-

119 3469 218 3552 fugiet
240 3471 304 3534 iam
327 3471 387 3536 etsi
411 3470 436 3533 F
461 3469 582 3553 oapital
605 3469 723 3534 fecerit.

202 3573 269 3636 Iam
286 3573 410 3637 Nonius
433 3595 463 3657 p.
480 3574 519 3636 38
544 3570 680 3635 exhibet·
694 3570 812 3651 ,hercle
828 3572 958 3653 effugiet
974 3569 1124 3652 tametsi’,
1146 3588 1240 3651 quem

117 3690 224 3737 reram
256 3674 348 3740 huius
377 3676 436 3740 looi
467 3675 635 3740 lectionem
668 3693 816 3738 servasse
847 3673 1021 3737 arbitratur
1049 3672 1242 3737 Ritsohelius

118 3776 336 3841 eonsentiente
365 3777 534 3860 Wagner-o.
590 3777 704 3857 ltaque
736 3775 888 3839 scribunt:
922 3776 1104 3857 Numquam
1138 3774 1243 3839 hercle
1330 3789 1332 3792 ⁴

118 3874 248 3957 effugiet
271 3896 338 3958 sqq.

204 3978 291 4056 Quos
314 3985 399 4044 reete
421 3979 546 4045 videtur
568 3981 726 4046 refutasse
747 3980 874 4044 Brixius
896 3980 992 4064 (Men.
1020 3982 1118 4043 1880³
1141 4000 1170 4063 p.
1194 3980 1244 4062 94,

116 4079 284 4165 Anhang),
318 4101 387 4145 oum
412 4091 569 4166 moneret,
591 4081 750 4167 ,effugiet’
773 4102 830 4166 pro
853 4082 980 4163 ‚fugiet'
1004 4081 1154 4145 hocloco
1178 4080 1243 4145 dioi

116 4203 178 4247 non
202 4203 307 4268 posse.
