2896 4680
172 211 213 277 36

252 385 395 466 Longius
425 385 618 449 aberrante
640 384 730 449 libris
760 383 961 451 eonieoturae
993 383 1136 452 Muelleri
1161 386 1295 469 (,Naoh-

165 486 270 569 trage’
294 506 323 569 p.
343 487 417 570 137)
440 486 513 567 ,1166
535 487 640 570 pietas
668 488 699 551 ni
724 487 864 570 subigat’
888 488 1041 571 Madvigii
1065 488 1152 572 (adv.
1176 490 1243 554 orit.
1260 491 1293 555 11

165 610 196 672 p.
215 591 276 674 111),
304 590 335 652 67
358 590 463 673 pietas
487 589 603 673 eogat',
635 591 773 672 denique
796 591 974 674 Ribbeokii,
1005 593 1058 675 qui
1082 612 1152 656 eum
1185 595 1217 656 in
1248 593 1295 671 rh,

166 711 246 757 mus.
268 697 289 757 t.
310 692 384 757 XII.
405 713 434 775 p.
451 696 512 755 610
542 694 746 758 emendasset
777 693 878 775 ,enim
909 695 1014 777 pietas
1045 696 1090 758 sio
1121 694 1295 760 donrinast'

165 795 198 858 in
221 794 266 858 rh.
286 815 364 860 mus.
384 801 403 859 t.
420 795 541 859 XXIX.
562 816 591 878 p.
605 799 642 858 21
669 791 871 860 seribendum
888 795 995 860 duxit:
1018 817 1225 879 ,quamquam
1249 800 1295 863 in—

72 937 76 945 ·
165 897 233 963 vita
264 897 360 978 taeio,
394 899 480 962 enim
507 899 612 981 pietas
642 898 688 962 sio
720 896 846 977 hortat'‚
881 918 966 980 quae
997 919 1092 981 quam
1122 921 1185 964 non
1218 900 1294 966 ferri

164 1001 303 1084 possint,
325 1001 499 1083 Langenus
522 1000 719 1064 demonstrat
750 998 885 1084 (,Beit'r.’
916 1022 943 1083 p.
966 1002 1051 1083 269).
1080 1040 1124 1048 -
1153 1003 1292 1069 Maxime

166 1101 243 1167 mihi
265 1103 418 1186 probatur
447 1103 533 1184 quod
563 1103 632 1187 ipse
655 1104 828 1185 Langenus
851 1103 972 1186 profert
994 1104 1027 1188 (l.
1049 1105 1089 1187 6.)
1112 1105 1154 1169 ad
1178 1125 1294 1171 sanan-

164 1205 240 1269 dum
263 1225 398 1271 versum.
443 1207 558 1270 Latere
578 1212 671 1289 putat
694 1205 742 1268 vir
757 1205 868 1270 doetus
893 1207 925 1269 in
952 1206 1065 1288 ,ohant
1081 1208 1188 1290 sapis'
1209 1228 1296 1290 quae

165 1309 265 1375 verba
289 1309 437 1375 Pleusieli
461 1309 642 1373 tribuuntur
664 1309 696 1372 in
721 1309 828 1373 oodiee
852 1308 877 1371 B
900 1308 1025 1393 (ODF),
1055 1331 1166 1392 ,quam
1191 1313 1296 1395 sapis'

164 1419 196 1477 et
225 1413 323 1478 verba
363 1413 465 1493 ,omni
497 1412 600 1495 pietas
634 1413 699 1476 seio
733 1410 789 1495 (sit
824 1410 893 1496 eo)'
929 1432 946 1476 e
977 1415 1159 1477 oonieotura
1191 1414 1293 1478 Brixii

165 1514 379 1598 (Fleckeisen.
402 1535 474 1579 ann.
501 1512 584 1578 1876
604 1536 634 1598 p.
661 1517 733 1592 772)
756 1515 924 1598 ,impietas
955 1516 1011 1598 sit,
1034 1517 1096 1579 nisi
1121 1516 1207 1580 eam'
1230 1517 1294 1600 legi

164 1617 249 1681 vuit:
271 1618 457 1702 ,impietast
479 1617 541 1681 nisi
557 1616 608 1682 eo'
627 1654 669 1662 -
686 1617 770 1698 quod
787 1624 818 1680 et
841 1617 882 1681 ad
904 1617 1029 1682 oodioes
1052 1637 1152 1701 prope
1169 1619 1295 1683 aeoedit

164 1725 195 1785 et
232 1720 274 1785 ad
305 1721 495 1786 sententiam
528 1719 804 1786 aeoommodatum
840 1727 896 1785 est.
947 1719 1052 1797 Quare
1087 1720 1189 1785 soribo
1220 1740 1292 1785 oum

163 1823 330 1905 Langeno:

248 1944 325 2026 ,Ibo
360 1963 557 2025 quamquam
581 1944 682 2035 invita
716 1943 817 2023 faoio,
850 1942 1030 2028 impietast,
1069 1943 1130 2006 nisi
1164 1962 1210 2007 eo.
1241 1945 1293 2011 Pl:

165 2043 268 2124 Quam
293 2047 404 2131 sapis'.
434 2085 477 2093 -
508 2047 599 2111 Mero.
616 2047 676 2110 287
702 2066 748 2128 sq.
792 2045 994 2128 Quamquam
1025 2046 1232 2129 negotiumst,
1264 2049 1292 2112 si

164 2150 241 2232 quid
271 2150 353 2232 vois,
387 2150 562 2233 Demipho,
595 2150 667 2213 Non
701 2170 771 2213 sum
803 2155 975 2232 ooeupatus
1004 2169 1156 2230 umquam
1187 2148 1293 2214 amieo

164 2271 293 2335 operam
310 2253 395 2316 dare.
425 2251 540 2336 (UEIS
556 2259 592 2334 A,
608 2251 657 2315 vis
672 2251 805 2335 reliqui).
822 2289 863 2296 -—
878 2250 991 2315 Pseud.
1005 2253 1066 2313 372
1083 2270 1150 2332 sqq.
1174 2251 1292 2316 Verum

165 2373 361 2436 quamquam
395 2354 495 2418 multa
526 2354 677 2435 malaque
708 2353 794 2417 diota
823 2353 948 2417 dixistis
976 2353 1053 2417 mihi
1080 2353 1084 2438 l
1198 2352 1292 2439 (375)

162 2476 259 2539 posse
283 2457 396 2541 opinor
418 2457 524 2521 faeere
547 2476 597 2521 me
621 2455 758 2520 otiieium
783 2475 897 2520 meum.

156 2634 157 2637 ,
248 2577 284 2640 In
316 2596 409 2642 versu
433 2576 588 2640 station
619 2596 689 2640 oum
716 2577 745 2639 A
776 2582 851 2640 ante
882 2595 999 2669 rooem
1023 2574 1141 2656 ,diota'
1172 2575 1293 2641 habent

163 2679 261 2743 verba
285 2680 333 2762 ,in
356 2679 429 2763 me',
459 2698 542 2761 quae
565 2680 634 2743 iure
657 2679 776 2744 delevit
798 2677 999 2743 Ritsohelius.
1023 2715 1064 2724 -
1088 2678 1200 2743 Pseud.
1219 2680 1290 2744 786.

255 2798 369 2863 Pseud.
388 2803 477 2864 1050.
521 2801 626 2880 Atque
642 2797 756 2881 edepol
780 2818 977 2879 quamquam
1001 2816 1139 2878 nequam
1164 2798 1292 2880 homo’s,

162 2907 246 2966 reete
280 2921 399 2966 mones.
436 2937 478 2946 -
511 2902 571 2965 Pro
606 2900 737 2983 ,atque',
774 2901 859 2982 quod
895 2906 1074 2984 suspectum
1109 2907 1164 2965 est·
1191 2902 1289 2966 etiam

163 3001 348 3083 Ritsehelio,
376 3001 509 3066 Bothius
539 3002 634 3066 seribi
666 3002 767 3067 voluit
789 3002 925 3083 ,Atqui'.
954 3039 994 3047 —
1025 3002 1120 3066 Poen.
1137 3007 1197 3064 515
1222 3020 1289 3086 sqq.

107 3101 108 3104 ’
160 3104 249 3169 Heus
272 3113 315 3186 tu,
347 3125 544 3187 quamquam
576 3125 633 3169 nos
662 3105 807 3169 videmus
837 3105 895 3169 tibi
920 3105 1037 3188 plebeii
1068 3111 1099 3170 et
1122 3125 1291 3204 pauperes,

162 3206 196 3271 Si
229 3227 287 3272 neo
322 3215 404 3272 reete
438 3208 518 3272 diois
551 3207 652 3290 notris,
686 3207 776 3271 dives
810 3206 850 3271 de
884 3227 1008 3271 summo
1036 3209 1114 3288 looo,
1149 3208 1291 3273 Divitem

161 3309 315 3374 audacter
330 3310 468 3374 solemus
485 3315 627 3373 mactare
647 3309 828 3374 infortunio.
849 3347 890 3354 —
914 3309 993 3375 Cum
1010 3310 1142 3374 Goetzio
1157 3310 1290 3375 Loewio

160 3411 194 3474 in
215 3432 245 3476 v.
261 3416 321 3474 515
345 3410 492 3495 ‚plebeii’
517 3412 628 3495 seripsi
651 3449 693 3456 —
716 3412 903 3476 eodd.enim
926 3412 1096 3501 praebent:
1120 3413 1236 3496 plebeii
1254 3413 1290 3478 B.

160 3513 277 3597 plebeo
300 3513 324 3577 O
348 3514 453 3596 plebei
475 3513 527 3577 FZ
551 3552 593 3559 —
623 3521 654 3579 et
676 3515 822 3578 voenlam
846 3516 906 3597 ‚et'
929 3515 1052 3595 retinui,
1083 3534 1180 3596 quam
1204 3516 1290 3581 delet

161 3615 352 3698 Geppertus.
381 3653 422 3660 —
453 3607 539 3681 Pers.
561 3621 631 3679 615.
662 3636 858 3699 6661666661
890 3637 949 3699 ego
979 3636 1072 3681 serva
1103 3637 1185 3699 sum,
1215 3618 1288 3682 Soio

160 3737 219 3800 ego
241 3717 378 3782 oifieium
402 3737 516 3801 meum,
545 3726 579 3782 ut
601 3739 684 3801 quae
707 3719 829 3802 rogitet,
852 3739 928 3784 vera
952 3725 985 3783 ut
1008 3720 1119 3803 aeoepi
1142 3721 1286 3803 eloquar.
1351 3802 1352 3806 Ἰ

160 3855 201 3865 -
224 3820 261 3883 16
284 3840 312 3883 r.
329 3824 390 3884 616
421 3821 567 3903 ‚rogiter’
595 3821 751 3886 Gruterus
781 3821 947 3905 proposuit
976 3843 1033 3906 pro
1064 3823 1216 3905 ,rogitot'.
1246 3859 1290 3869 —-

160 3922 349 3988 17661641.
373 3958 413 3968 -
436 3923 588 3988 161643.
612 3960 655 3970 -

246 4041 332 4104 Trin.
349 4044 420 4106 841.
464 4042 521 4105 Ρ61
545 4047 741 4125 quamquam
765 4044 850 4107 domi
875 4045 967 4126 oupio
992 4045 1156 4129 opperiar:

346 4142 450 4219 Quam
475 4144 614 4208 hierem
637 4151 737 4227 gerat,
760 4145 901 4209 animum
925 4146 1103 4211 advertam.
