2896 4680
179 250 197 310 6

179 435 277 500 supra
306 417 413 499 iurare
440 416 575 500 scriptas
598 415 748 480 librarius
770 415 953 481 invenisset.
997 416 1038 479 Et
1060 414 1201 479 maxime
1223 413 1301 478 milri
1378 464 1384 474 .

178 518 330 601 probatur
351 517 432 582 haee
454 517 583 582 Luchsii
610 518 807 600 emendatio,
835 524 1000 602 praestare
1028 523 1136 582 tamen
1165 516 1301 599 videtur,

178 619 263 702 quod
278 619 407 684 Brixius
430 621 566 703 scripsit,
589 640 683 702 quem
706 639 836 702 sequor:
860 619 895 684 Sl
913 619 964 684 vel
980 640 1037 703 per
1052 619 1161 683 oculos
1177 619 1301 698 iuratis,

177 720 277 787 nlhilo
310 720 415 787 hercle
444 741 484 787 ea
513 726 612 788 causa
642 724 745 805 magis
766 723 769 808 1
794 723 935 787 15616116
966 729 999 786 111
1030 742 1090 804 ego
1121 722 1216 787 hddie
1246 722 1301 786 ab·

178 825 320 890 stulerim
350 825 472 910 pallam
501 833 533 890 et
563 825 691 909 spinter,
721 830 892 909 pe'ssumae
922 825 1019 910 (Men.
1046 827 1140 889 18803
1163 846 1194 909 p.
1218 823 1302 908 108).

178 926 294 1012 Amph.
317 929 387 993 908.
410 965 452 974 —-
473 928 588 993 Pseud.
612 929 674 992 628
697 949 743 1010 sq.
787 928 820 992 si
849 929 976 1010 quidem
1000 926 1107 992 hercle
1131 929 1229 992 etiam
1253 947 1301 991 su-

178 1030 281 1116 premi
294 1037 461 1114 promptas
476 1030 665 1095 thensauros
680 1030 781 1114 Jovis,
804 1030 877 1094 Tibi
899 1031 1042 1096 libellam
1066 1031 1190 1112 argenti
1213 1050 1301 1093 num-

179 1152 276 1216 quam
299 1133 436 1199 credam.
458 1171 500 1179 —
523 1136 726 1218 ,Promptas’,
754 1134 840 1215 quod
862 1134 894 1196 in
918 1153 1012 1199 versu
1035 1135 1096 1197 628
1120 1153 1229 1198 omnes
1252 1152 1301 1196 co-

47 1230 52 1239 ’
178 1235 265 1300 dices
294 1236 450 1320 praebent
480 1235 558 1321 (nisi
588 1236 671 1319 quod
695 1236 870 1320 ,prompta’
895 1236 919 1300 C
949 1220 1065 1321 pr·‹i¹¹pta
1087 1235 1132 1322 D)
1162 1241 1194 1300 61
1216 1235 1302 1316 quod

178 1338 277 1403 etiam
311 1338 343 1402 in
377 1340 406 1403 A
438 1359 509 1404 6666
542 1339 644 1403 visum
680 1345 744 1417 661,
779 1338 951 1404 tenendum
981 1358 1053 1403 6666
1083 1358 1196 1403 censeo
1230 1357 1301 1401 cum

176 1439 400 1506 Rothheimero
433 1441 452 1508 l.
476 1462 500 1507 c.
534 1463 564 1525 p.
588 1446 622 1523 5,
661 1442 709 1506 cui
748 1440 942 1526 astipulatur
982 1441 1081 1506 ctiam
1122 1441 1295 1524 Langenus

178 1543 342 1629 (Beitrdge
377 1566 432 1610 zur
465 1544 572 1609 Kritik
606 1545 670 1608 und
705 1543 888 1627 Erkldrung
921 1544 950 1610 d.
981 1545 1026 1610 Pl.
1070 1545 1168 1629 Lng.
1206 1543 1300 1627 1880)

176 1667 207 1732 p.
231 1651 280 1713 54.
301 1684 343 1692 -
365 1647 547 1714 Acidalium
575 1649 674 1714 secuti
697 1647 891 1731 ,promptes’
915 1647 947 1711 in
971 1653 1091 1712 textum
1114 1653 1302 1730 receperunt
1408 1667 1411 1674 ·

177 1748 378 1832 Ritschelius,
392 1749 629 1834 Fleckeisenus,
645 1750 826 1816 Lorenzius.
839 1789 881 1796 —
892 1750 973 1815 llud.
988 1751 1077 1814 1353.
1100 1749 1135 1814 Si
1152 1752 1301 1813 maxume

177 1851 269 1917 illum
300 1850 377 1916 mlhi
407 1852 582 1918 reddiderit
612 1852 773 1933 vidulum,
793 1851 797 1937 1
816 1852 889 1916 Non
913 1857 972 1935 ego
995 1851 1059 1916 illic
1082 1851 1178 1916 hodie
1201 1851 1300 1916 debeo

177 1955 355 2019 triobolum.
371 1992 412 2001 -
428 1956 489 2019 Pro
512 1955 614 2040 ,illum
638 1954 728 2018 mihi’
752 1955 785 2018 in
809 1973 902 2018 versu
922 1956 1001 2018 1353
1025 1955 1196 2019 Muellerus
1219 1973 1302 2037 pros.

176 2058 277 2142 plaut.
298 2079 328 2142 p.
345 2060 405 2121 310
429 2058 491 2141 legi
514 2059 593 2122 vult:
617 2058 675 2141 ,1111
697 2057 808 2123 illum'.

262 2161 428 2244 Exemplis
451 2159 555 2225 adhuc
578 2160 687 2225 allatis
710 2160 880 2244 opponitur
900 2159 1080 2224 sententiae
1097 2159 1302 2225 concessivae

176 2263 378 2329 enuntiatum
402 2263 596 2345 negativum.
633 2262 869 2327 Affirmativam
892 2263 1027 2326 formam
1051 2262 1182 2346 praebet
1205 2281 1301 2328 enun-

176 2366 268 2430 tiatio
291 2366 477 2450 principalis
500 2364 550 2429 his
572 2365 665 2431 locis:
697 2365 785 2431 Asin.
809 2369 869 2428 105
893 2385 938 2446 sq.
984 2364 1017 2430 Si
1042 2365 1169 2448 quidem
1193 2364 1299 2443 hercle

175 2467 361 2533 Aeacidinis
383 2467 478 2532 minis
509 2467 689 2550 animisque
718 2468 864 2552 expletus
894 2467 996 2550 cedit,
1027 2468 1061 2531 Si
1095 2468 1168 2532 med
1198 2467 1300 2530 iratus

178 2571 327 2654 tetigerit,
350 2571 451 2635 iratus
473 2569 649 2654 vapulabit.

261 2673 314 2738 Sic
344 2674 442 2738 libros
473 2679 600 2739 secutus
623 2672 737 2757 scripsi
761 2692 831 2735 cum
855 2671 987 2737 Goetzio
1010 2670 1149 2738 Locvvio.
1195 2672 1300 2736 Alium

174 2795 324 2841 versuum
367 2779 506 2840 403-11
552 2761 694 2840 ordinem
740 2794 810 2839 esse
855 2773 1023 2838 voluerunt
1066 2772 1302 2856 Fleckeisenus,

174 2877 361 2964 Ussingius,
383 2879 447 2945 alii.
492 2880 575 2960 Iam,
598 2884 632 2942 ut
655 2877 698 2942 ad
721 2877 849 2960 singula
871 2875 1113 2960 aggrediamur,
1131 2875 1246 2960 ,cedit'
1269 2876 1301 2940 in

174 3001 204 3047 v.
228 2985 290 3044 405
313 3002 371 3064 pro
394 2980 542 3063 ,incedit'
566 2980 691 3066 (incidit
713 2980 758 3064 D)
781 2980 932 3044 librorum
955 2986 1129 3063 posuerunt
1152 2977 1302 3062 Scaliger,

174 3082 363 3162 Gronovius,
395 3083 566 3148 Bentleius.
611 3083 647 3147 In
679 3104 707 3148 v.
730 3086 791 3146 400
823 3083 863 3165 ,61
886 3081 960 3147 med
982 3081 1098 3146 iratus'
1129 3081 1218 3146 codd.
1241 3081 1299 3144 sl)

173 3185 344 3269 praebent3
374 3186 419 3269 ,si
450 3206 501 3251 me
529 3184 646 3249 iratus’
677 3185 823 3269 sirm),
855 3184 938 3249 unde
968 3183 1102 3268 profecti
1124 3183 1300 3267 Acidalius,

176 3306 270 3370 quem
301 3285 530 3353 Fleckeisenus
560 3293 688 3352 secutus
718 3294 782 3370 est,
811 3287 883 3370 ,861
906 3288 932 3351 61
956 3305 1006 3351 me
1029 3285 1144 3351 iratus’
1174 3285 1301 3351 Reizius

178 3391 300 3474 ,Iratus
323 3390 350 3454 si
373 3389 439 3455 me’
462 3395 705 3474 proposuerunt.
727 3428 770 3436 -
792 3390 856 3453 Μ11.
880 3393 950 3456 117.
972 3428 1014 3435 -
1037 3389 1129 3455 11661.
1151 3391 1221 3452 220.
1266 3388 1301 3454 81

175 3491 304 3575 quidem
328 3491 434 3557 hercle
458 3491 663 3557 vendundust
685 3499 777 3575 pater
800 3492 928 3558 venibit.
943 3531 985 3538 —
1008 3491 1045 3557 cf.
1062 3491 1101 3556 de
1123 3490 1183 3554 hoc
1205 3510 1300 3556 versu

176 3595 323 3661 Lorenzii
353 3595 461 3660 adnot.
493 3593 535 3680 (v.
558 3597 619 3656 220
651 3594 690 3678 L)
721 3617 751 3679 p.
775 3597 860 3660 2401.
882 3636 923 3646 -
950 3595 1037 3660 Trin.
1061 3598 1132 3659 507.
1176 3593 1242 3658 8611
1273 3595 1300 3658 61

176 3699 257 3763 haec
278 3717 330 3762 res
351 3696 492 3780 graviter
514 3697 630 3761 cecidit
652 3697 786 3761 stultitia
809 3716 894 3778 mea,
923 3697 1037 3778 Philto,
1069 3702 1118 3761 661
1141 3714 1218 3778 ager
1242 3696 1301 3760 sub

175 3800 251 3866 urbe
280 3799 331 3864 116
361 3799 463 3865 nobis.
485 3838 527 3846 -
549 3798 643 3883 ,Hic'
666 3819 777 3864 versus
801 3803 862 3862 508
886 3800 918 3863 in
944 3799 969 3862 A
993 3800 1099 3876 deest,
1130 3798 1246 3882 legitur
1268 3798 1301 3862 in

175 3903 273 3970 BCD.
323 3905 430 3985 Atque
463 3902 583 3968 codicis
613 3903 816 3967 Ambrosiani
846 3903 1036 3968 auctoritate
1066 3901 1160 3966 nixus
1191 3920 1301 3966 vocem

174 4005 256 4090 ,lric'
280 4005 398 4071 delevit
420 4005 659 4089 Fleckeisenus,
680 4025 730 4089 ep.
746 4005 814 4071 crit.
837 4005 879 4069 ad
903 4004 1109 4070 Ritschelium
1131 4026 1160 4090 p.
1178 4002 1299 4082 XXIX,

260 4221 471 4290 1)61.11116611.
490 4240 553 4279 nov.
573 4239 630 4280 exc.
648 4226 739 4279 Plaut.
759 4241 785 4293 p.
805 4228 845 4279 26.
