2896 4680
607 1019 831 1104 vlun.

246 1313 350 1377 Natus
384 1332 453 1376 surn
487 1311 687 1377 Gustavus
722 1311 958 1376 Hermannus
992 1309 1134 1393 Kriege
1172 1309 1283 1375 Idibus

161 1415 257 1479 Maiis
294 1416 372 1479 anni
409 1413 437 1480 h.
461 1434 484 1479 s.
514 1414 590 1478 LIX
627 1415 743 1478 Portae
780 1419 872 1496 patre
908 1413 1143 1477 Hermanno
1181 1417 1282 1478 matre

162 1517 426 1582 Clementiae
456 1536 474 1582 e
502 1523 596 1599 gente
625 1516 796 1598 Klingner,
827 1535 961 1598 quorum
991 1514 1046 1580 ille
1076 1520 1282 1598 praematura

161 1625 262 1684 morte
294 1619 372 1684 mihi
405 1624 535 1703 ereptus
568 1624 634 1699 est,
671 1618 754 1683 hano
791 1619 974 1684 etiamnunc
1007 1617 1114 1684 vivere
1147 1617 1283 1701 gaudeo.

160 1721 251 1787 Fidei
275 1722 422 1787 addietus
445 1741 513 1785 sum
537 1720 752 1804 evangelicae.

246 1824 362 1888 Primis
392 1824 558 1889 elementis
589 1824 729 1889 imbutus
759 1844 828 1887 sum
851 1823 884 1887 in
908 1823 1134 1907 progymnasio
1158 1822 1284 1889 Leuko-

159 1927 310 2011 petrensi.
354 1926 477 1992 Deinde
500 1947 570 1992 eum
594 1927 627 1990 in
650 1926 770 2011 oppido
793 1928 921 1992 Koesen
944 1926 1061 1991 Raabii
1084 1926 1283 1992 institutione

160 2050 237 2094 usus
260 2048 372 2111 essem,
395 2029 523 2095 soholae
546 2030 708 2095 Portensis
730 2029 871 2094 alumnis
893 2029 1053 2113 aseriptus
1075 2049 1153 2093 sum.
1192 2029 1284 2095 Unde

159 2132 343 2197 testimonio
366 2131 560 2197 maturitatis
582 2133 754 2197 instructus
778 2151 852 2198 vere
874 2132 952 2197 anni
975 2132 1098 2196 LXXX
1119 2131 1285 2214 Tubingas

160 2254 211 2301 me
248 2233 383 2314 contuli,
420 2241 454 2299 ut
490 2232 606 2299 studiis
642 2234 844 2319 philologieis
882 2254 1013 2319 operam
1051 2235 1172 2300 darem.
1222 2234 1285 2299 Hie

159 2344 328 2417 semestre,
372 2337 488 2403 deinde
518 2337 650 2420 Lipsiae
688 2338 749 2401 tria
787 2338 955 2404 semestris
984 2344 1143 2417 versatus,
1180 2337 1284 2402 Halas

159 2440 389 2523 transmigravi
419 2440 528 2521 ibique
560 2440 778 2506 universitatis
810 2441 889 2505 oivis
917 2440 962 2505 fui
985 2460 1042 2523 per
1065 2444 1216 2522 quattuor
1237 2459 1285 2505 se·

159 2544 300 2610 mestria.
330 2544 391 2609 Per
413 2542 495 2609 haee
517 2548 587 2608 oeto
610 2544 778 2608 semestria
801 2543 910 2607 audivi
932 2543 1018 2607 viros
1040 2542 1284 2607 illustrissimos:

159 2644 302 2728 Arndt,
323 2646 622 2728 Biedermann,
645 2646 844 2728 Brandes,
866 2644 1103 2727 G.Ourtius,
1127 2644 1285 2710 Ditten-

162 2747 326 2832 berger,
358 2748 504 2829 Flaoh,
532 2767 608 2811 von
639 2746 900 2832 Gutsohmid,
935 2748 1082 2832 Haym,
1111 2747 1285 2830 Heinze,

160 2851 383 2934 Hermann,
426 2851 603 2934 Herzog,
647 2851 936 2935 Heydemann,
979 2851 1134 2929 Hiller,
1172 2850 1284 2927 Keil,

160 2955 330 3038 Kugler,
352 2954 541 3038 Lipsius,
565 2955 674 3037 Pott,
697 2953 900 3037 Ribbeek,
923 2953 1088 3036 Sohum,
1109 2954 1285 3038 Zaoher,

160 3056 345 3122 Zarneke.
382 3057 443 3122 Per
466 3057 606 3139 quinque
630 3057 797 3122 semestris
819 3057 1044 3140 proseminarii
1067 3063 1099 3121 et
1121 3056 1285 3122 seminarii

158 3159 342 3244 philologici
373 3159 656 3224 exercitationibus
685 3158 823 3225 interfui.
866 3161 1052 3240 Praeterea,
1086 3165 1122 3223 ut
1152 3157 1285 3224 sooieta·

157 3262 244 3327 tibus
278 3261 490 3327 Germanicae
524 3269 555 3326 et
589 3260 829 3347 philosophicae
862 3264 1065 3342 interessem,
1099 3260 1221 3327 Zaeher
1254 3270 1285 3327 et

158 3365 265 3449 Haym
297 3363 434 3447 benigne
457 3363 676 3447 permiserunt.
720 3364 843 3441 Quibus
866 3362 943 3427 viris
973 3364 1119 3428 omnibus
1148 3363 1284 3446 gratiam

159 3464 262 3531 habeo
286 3485 384 3548 quarn
407 3464 589 3533 maximam.
