2896 4680
1253 180 1320 280 15¹

169 387 256 451 elata
286 385 445 449 iuvenitur
474 384 562 468 apud
593 385 752 466 Plautum,
783 391 817 449 ut
844 385 902 450 hoc
931 387 1000 451 loco
1032 392 1142 450 contra
1173 387 1292 452 codd

169 488 389 553 auctoritatem
415 488 554 570 reliquos
577 488 674 551 libros
697 489 787 569 sequi
811 509 873 552 non
897 488 1047 553 dubitem.

253 593 350 668 ‚Tam
380 589 430 665 si',
464 590 548 671 quod
579 590 763 655 dubitanter
796 591 829 653 in
863 591 1071 656 adnotatione
1101 591 1293 657 Ritschelius

168 699 386 778 proposuerat,
410 692 637 757 Fleckeiscnus
659 693 692 756 iu
714 699 837 758 textum
861 694 990 777 recepit.

253 795 292 859 cf.
308 796 434 859 Trucul.
447 798 515 859 564.
560 795 631 859 Nisi
648 795 817 876 derivetur,
838 804 946 861 tamen
963 797 1065 861 omnis
1081 800 1184 880 aeque
1207 817 1293 880 aqua

169 890 270 964 abeat
288 903 320 962 tn
343 918 440 962 mare.
463 897 625 982 (Schoell.)

255 1001 347 1084 Apud
365 1007 534 1066 Terentiam
542 1001 566 1085 ¹)
582 1001 741 1085 particula
758 1002 811 1083 ,si’
829 1003 1013 1067 concessive
1029 1009 1201 1086 usurpatur
1215 1002 1294 1069 locis

171 1111 309 1169 undecim
340 1111 371 1167 et
403 1104 449 1167 ita
480 1103 625 1186 quidem,
663 1110 697 1167 ut
731 1104 925 1170 indicativus
956 1111 1108 1188 sequatur
1139 1118 1196 1185 ter,
1224 1125 1294 1170 oon-

172 1207 330 1272 iunctivus
353 1216 454 1272 octies,

255 1310 388 1374 Duobus
417 1309 512 1386 locis,
544 1310 598 1373 ubi
629 1310 825 1376 indicativus
854 1312 1005 1393 sequitur,
1036 1313 1213 1395 particulae
1240 1313 1294 1395 ,si’

172 1412 213 1477 ad
242 1412 307 1477 vim
339 1412 520 1494 augendam
544 1412 732 1476 adverbium
756 1413 923 1495 ‚maxume’
946 1414 1091 1478 additum
1116 1421 1164 1480 est
1188 1415 1295 1498 (Cure.

57 1592 59 1596 y
173 1517 240 1579 865.
287 1511 412 1580 Phorm.
429 1513 514 1598 295).
535 1551 578 1561 -

346 1653 383 1715 A.
405 1648 580 1714 Indicativi
603 1650 753 1734 exempla
776 1656 849 1713 sunt
871 1649 967 1715 hacc:

260 1758 284 1816 1.
317 1753 538 1816 Praemittitur
569 1753 745 1817 enuntiatio
777 1753 975 1818 concessiva:
1007 1754 1183 1819 enuntiatio
1213 1755 1296 1838 prin-

176 1856 290 1939 cipalis
314 1856 465 1938 negativa
489 1861 545 1921 est.

257 1957 382 2022 Phorm.
409 1959 479 2021 295.
525 1978 633 2023 verum
669 1958 696 2022 si
729 1965 896 2041 cognatast
930 1979 1098 2043 maxume,
1131 1960 1203 2025 Non
1237 1960 1295 2024 fuit

172 2080 302 2126 neccsse
325 2061 444 2125 habere
468 2110 493 2126 ..

257 2167 284 2227 2.
308 2163 517 2247 Opponuntur
540 2164 572 2226 in
596 2164 761 2228 enuntiato
785 2164 970 2247 principali:

171 2268 205 2352 a)
230 2281 348 2345 tamem
370 2267 571 2332 enuntiatum
595 2267 772 2351 principale
788 2266 1019 2331 affirmativam
1037 2269 1171 2332 formam
1189 2267 1296 2333 habet.

313 2371 373 2435 Ad.
397 2372 468 2434 950.
489 2407 533 2417 —
555 2368 588 2433 Si
612 2370 793 2451 multumst,
824 2376 934 2434 tamen
961 2371 1200 2435 Faciundumst.
1243 2369 1296 2434 Sic

230 2473 343 2558 scripsi
361 2494 431 2538 oum
448 2471 669 2554 Fleckeisenq
684 2471 950 2555 Umpfeubachio,
966 2472 1173 2538 Dziatzkone.
1198 2471 1296 2537 Codd.

229 2581 398 2661 praebent:
429 2576 521 2658 ,etsi'
544 2574 604 2640 DG
627 2574 776 2657 ,multum
802 2576 855 2640 sit’
879 2575 1031 2659 Bonum
1054 2576 1194 2654 ,tamen’
1221 2576 1295 2639 omi-

230 2685 339 2744 serunt
363 2679 481 2744 BCFP.

315 2781 500 2845 Praemissa
531 2782 687 2864 particula
719 2788 833 2846 tamen.
877 2781 957 2846 Eun.
986 2783 1056 2845 889.
1101 2783 1234 2863 ‚Tamen
1268 2782 1296 2846 si

231 2890 324 2967 pater
347 2883 389 2964 ..'‚
418 2883 472 2946 ubi
496 2883 662 2965 ,noluerit’
686 2883 898 2967 supplendum
929 2901 1000 2948 esse
1029 2890 1164 2968 apparet
1187 2903 1226 2948 ex
1249 2903 1297 2948 sc-

231 2985 400 3069 quentibus
422 2985 481 3068 ,ah
503 2985 589 3050 volet
612 2992 696 3050 certo
720 2985 808 3049 scio’.

174 3088 206 3174 b)
230 3102 264 3154 ct
288 3102 397 3155 tomen.
443 3089 681 3153 Enuntiationis
710 3087 885 3172 primariae
912 3108 1025 3153 sensus
1047 3089 1217 3171 negativus
1239 3096 1297 3156 est

229 3194 310 3256 Eun.
327 3193 397 3254 865.
430 3212 505 3254 nam
534 3191 562 3254 si
585 3211 644 3274 ego
668 3190 766 3274 digna
788 3190 849 3256 hac
872 3190 1064 3255 contumelia
1087 3190 1164 3255 Sum
1187 3211 1296 3254 maxu-

232 3313 292 3376 me,
315 3299 349 3356 at
372 3298 405 3356 tu
428 3292 579 3375 indignus
602 3293 657 3375 qui
679 3293 803 3358 faceres
825 3299 940 3358 tamen.

348 3413 383 3479 B.
408 3412 635 3478 Coniunctivus
657 3418 766 3477 exstat
788 3413 821 3477 in
844 3412 894 3476 his
916 3412 1082 3497 exemplis.

263 3520 288 3581 1.
312 3515 530 3581 Praemittitur
545 3516 746 3580 enuntiatum
764 3515 990 3581 concessivum.
1013 3515 1199 3579 Enuntiatio
1215 3515 1298 3599 prin-

177 3616 291 3698 cipalis
306 3619 464 3701 'negative
487 3617 651 3682 formatur.

260 3719 376 3786 Heaut.
391 3724 462 3785 452.
501 3728 649 3804 satrapes
672 3720 699 3784 si
723 3720 782 3784 siet
804 3721 947 3797 Amator,
971 3739 1142 3801 numquam
1166 3720 1297 3785 sufferre

175 3820 243 3883 cius
267 3832 412 3908 sumptus
435 3830 540 3906 queat.
562 3861 604 3868 —
627 3824 686 3888 Ad.
702 3826 773 3886 761.

261 3927 288 3986 2.
312 3925 418 3989 Media
440 3927 658 4009 interponitur.
699 3926 907 3990 Enuntiatum
930 3925 1109 4009 principale
1132 3932 1180 3992 est
1202 3947 1296 4011 nega·

175 4024 285 4091 tivum.
329 4026 443 4090 Heaut.
470 4029 550 4089 1035
575 4047 643 4109 sqq.
666 4028 759 4092 ,Non
783 4028 810 4091 si
834 4047 874 4092 ex
897 4026 1002 4112 capite
1024 4028 1069 4090 sis
1091 4047 1161 4091 meo
1184 4029 1297 4110 Natus,

276 4191 336 4253 tuf.
349 4192 386 4246 A.
400 4193 506 4260 Liebig‚
525 4195 571 4247 die
590 4194 824 4264 hypothetischen
843 4196 924 4250 Sittze
943 4197 990 4250 bei
1008 4196 1071 4250 Ter.
1096 4196 1203 4251 Gdrlita
1224 4199 1296 4252 1863.
