<?xml version="1.0" encoding="UTF-8"?>
<!DOCTYPE html PUBLIC "-//W3C//DTD XHTML 1.0 Transitional//EN"
    "http://www.w3.org/TR/xhtml1/DTD/xhtml1-transitional.dtd">
<html xmlns="http://www.w3.org/1999/xhtml" xml:lang="en" lang="en">
 <head>
  <title>
</title>
<meta http-equiv="Content-Type" content="text/html;charset=utf-8" />
  <meta name='ocr-system' content='tesseract 3.04.00' />
  <meta name='ocr-capabilities' content='ocr_page ocr_carea ocr_par ocr_line ocrx_word'/>
</head>
<body>
  <div class='ocr_page' id='page_1' title='image "./deenuntiatiscon00kriegoog_0042.png"; bbox 0 0 2896 4680; ppageno 0'>
   <div class='ocr_carea' id='block_1_1' title="bbox 1244 269 1284 330">
    <p class='ocr_par' dir='ltr' id='par_1_1' title="bbox 1244 269 1284 330">
     <span class='ocr_line' id='line_1_1' title="bbox 1244 269 1284 330; baseline -0.025 0"><span class='ocrx_word' id='word_1_1' title='bbox 1244 269 1284 330; x_wconf 81' lang='lat'>37</span> 
     </span>
    </p>
   </div>
   <div class='ocr_carea' id='block_1_2' title="bbox 104 436 1344 3722">
    <p class='ocr_par' dir='ltr' id='par_1_2' title="bbox 110 436 1344 2476">
     <span class='ocr_line' id='line_1_2' title="bbox 246 436 1287 504; baseline -0.003 -1"><span class='ocrx_word' id='word_1_2' title='bbox 246 440 283 503; x_wconf 95' lang='lat' dir='ltr'>In</span> <span class='ocrx_word' id='word_1_3' title='bbox 299 438 519 504; x_wconf 89' lang='lat' dir='ltr'>describendis</span> <span class='ocrx_word' id='word_1_4' title='bbox 542 437 591 502; x_wconf 91' lang='lat' dir='ltr'>his</span> <span class='ocrx_word' id='word_1_5' title='bbox 611 437 756 502; x_wconf 86' lang='lat' dir='ltr'>versibus</span> <span class='ocrx_word' id='word_1_6' title='bbox 780 457 849 501; x_wconf 93' lang='lat' dir='ltr'>cum</span> <span class='ocrx_word' id='word_1_7' title='bbox 866 437 975 501; x_wconf 84' lang='lat' dir='ltr'>Brixio</span> <span class='ocrx_word' id='word_1_8' title='bbox 999 436 1139 502; x_wconf 77' lang='lat' dir='ltr'>codicem</span> <span class='ocrx_word' id='word_1_9' title='bbox 1158 437 1184 500; x_wconf 82' lang='lat' dir='ltr'><strong>A</strong></span> <span class='ocrx_word' id='word_1_10' title='bbox 1201 456 1287 500; x_wconf 90' lang='lat' dir='ltr'>secu·</span> 
     </span>
     <span class='ocr_line' id='line_1_3' title="bbox 159 538 1285 623; baseline -0.002 -17"><span class='ocrx_word' id='word_1_11' title='bbox 159 548 211 606; x_wconf 80' lang='lat' dir='ltr'>tus</span> <span class='ocrx_word' id='word_1_12' title='bbox 243 563 327 618; x_wconf 73' lang='lat' dir='ltr'>sum,</span> <span class='ocrx_word' id='word_1_13' title='bbox 358 560 553 623; x_wconf 87' lang='lat' dir='ltr'>quamquam</span> <span class='ocrx_word' id='word_1_14' title='bbox 584 540 617 604; x_wconf 90' lang='lat' dir='ltr'>in</span> <span class='ocrx_word' id='word_1_15' title='bbox 647 540 748 605; x_wconf 89' lang='lat' dir='ltr'>altero</span> <span class='ocrx_word' id='word_1_16' title='bbox 784 559 879 604; x_wconf 86' lang='lat' dir='ltr'>versu</span> <span class='ocrx_word' id='word_1_17' title='bbox 909 545 936 606; x_wconf 89' lang='lat' dir='ltr'>A</span> <span class='ocrx_word' id='word_1_18' title='bbox 967 538 1064 604; x_wconf 89' lang='lat' dir='ltr'>habet</span> <span class='ocrx_word' id='word_1_19' title='bbox 1095 560 1176 622; x_wconf 90' lang='lat' dir='ltr'>,..m</span> <span class='ocrx_word' id='word_1_20' title='bbox 1208 545 1285 623; x_wconf 83' lang='lat' dir='ltr'>agat</span> 
     </span>
     <span class='ocr_line' id='line_1_4' title="bbox 158 641 1287 729; baseline -0.004 -17"><span class='ocrx_word' id='word_1_21' title='bbox 158 645 264 729; x_wconf 81' lang='lat' dir='ltr'>gerit&#39;.</span> <span class='ocrx_word' id='word_1_22' title='bbox 286 664 366 726; x_wconf 89' lang='lat' dir='ltr'>,rem</span> <span class='ocrx_word' id='word_1_23' title='bbox 383 649 461 728; x_wconf 83' lang='lat' dir='ltr'>agat</span> <span class='ocrx_word' id='word_1_24' title='bbox 484 643 578 709; x_wconf 89' lang='lat' dir='ltr'>simul</span> <span class='ocrx_word' id='word_1_25' title='bbox 595 643 736 707; x_wconf 87' lang='lat' dir='ltr'>animum</span> <span class='ocrx_word' id='word_1_26' title='bbox 763 641 946 709; x_wconf 85' lang='lat' dir='ltr'>advortam’</span> <span class='ocrx_word' id='word_1_27' title='bbox 975 642 1103 708; x_wconf 81' lang='lat' dir='ltr'>exhibet</span> <span class='ocrx_word' id='word_1_28' title='bbox 1119 643 1158 719; x_wconf 91' lang='lat' dir='ltr'>B;</span> <span class='ocrx_word' id='word_1_29' title='bbox 1180 662 1287 726; x_wconf 88' lang='lat' dir='ltr'>,qnam</span> 
     </span>
     <span class='ocr_line' id='line_1_5' title="bbox 160 745 1287 830; baseline -0.001 -18"><span class='ocrx_word' id='word_1_30' title='bbox 160 748 211 813; x_wconf 92' lang='lat' dir='ltr'>hic</span> <span class='ocrx_word' id='word_1_31' title='bbox 236 767 301 813; x_wconf 93' lang='lat' dir='ltr'>rem</span> <span class='ocrx_word' id='word_1_32' title='bbox 318 747 421 830; x_wconf 85' lang='lat' dir='ltr'>gerat&#39;</span> <span class='ocrx_word' id='word_1_33' title='bbox 441 752 489 813; x_wconf 97' lang='grc' dir='ltr'>θεῖ</span> <span class='ocrx_word' id='word_1_34' title='bbox 516 747 547 810; x_wconf 89' lang='lat' dir='ltr'>in</span> <span class='ocrx_word' id='word_1_35' title='bbox 576 746 666 810; x_wconf 89' lang='lat' dir='ltr'>libris</span> <span class='ocrx_word' id='word_1_36' title='bbox 682 746 791 811; x_wconf 86' lang='lat' dir='ltr'>EbFZ.</span> <span class='ocrx_word' id='word_1_37' title='bbox 837 747 956 810; x_wconf 92' lang='lat' dir='ltr'>Horum</span> <span class='ocrx_word' id='word_1_38' title='bbox 975 746 1164 830; x_wconf 82' lang='lat' dir='ltr'><strong>scripturam</strong></span> <span class='ocrx_word' id='word_1_39' title='bbox 1181 745 1287 829; x_wconf 89' lang='lat' dir='ltr'>recepi</span> 
     </span>
     <span class='ocr_line' id='line_1_6' title="bbox 161 848 1287 934; baseline -0.003 -17"><span class='ocrx_word' id='word_1_40' title='bbox 161 872 232 917; x_wconf 92' lang='lat' dir='ltr'>cum</span> <span class='ocrx_word' id='word_1_41' title='bbox 256 850 373 934; x_wconf 88' lang='lat' dir='ltr'>Brixio,</span> <span class='ocrx_word' id='word_1_42' title='bbox 395 849 482 914; x_wconf 90' lang='lat' dir='ltr'>illius</span> <span class='ocrx_word' id='word_1_43' title='bbox 498 848 689 914; x_wconf 88' lang='lat' dir='ltr'>Ritschelius</span> <span class='ocrx_word' id='word_1_44' title='bbox 712 854 743 913; x_wconf 91' lang='lat' dir='ltr'>et</span> <span class='ocrx_word' id='word_1_45' title='bbox 766 848 993 914; x_wconf 87' lang='lat' dir='ltr'>Fleckeisenus</span> <span class='ocrx_word' id='word_1_46' title='bbox 1013 849 1045 913; x_wconf 94' lang='lat' dir='ltr'>in</span> <span class='ocrx_word' id='word_1_47' title='bbox 1065 854 1155 913; x_wconf 86' lang='lat' dir='ltr'>textu</span> <span class='ocrx_word' id='word_1_48' title='bbox 1176 867 1287 933; x_wconf 89' lang='lat' dir='ltr'>posue-</span> 
     </span>
     <span class='ocr_line' id='line_1_7' title="bbox 158 951 1289 1034; baseline -0.003 -15"><span class='ocrx_word' id='word_1_49' title='bbox 158 960 245 1019; x_wconf 89' lang='lat' dir='ltr'>runt.</span> <span class='ocrx_word' id='word_1_50' title='bbox 260 990 302 999; x_wconf 95' lang='lat'>-</span> <span class='ocrx_word' id='word_1_51' title='bbox 317 955 409 1017; x_wconf 82' lang='lat' dir='ltr'>Truo.</span> <span class='ocrx_word' id='word_1_52' title='bbox 432 953 500 1015; x_wconf 59' lang='lat'>730.</span> <span class='ocrx_word' id='word_1_53' title='bbox 547 951 749 1033; x_wconf 80' lang='lat' dir='ltr'>Quamquam</span> <span class='ocrx_word' id='word_1_54' title='bbox 765 971 823 1016; x_wconf 88' lang='lat' dir='ltr'>vos</span> <span class='ocrx_word' id='word_1_55' title='bbox 845 951 1006 1019; x_wconf 91' lang='lat' dir='ltr'>colubrino</span> <span class='ocrx_word' id='word_1_56' title='bbox 1028 951 1157 1034; x_wconf 85' lang='lat' dir='ltr'>ingenio</span> <span class='ocrx_word' id='word_1_57' title='bbox 1173 952 1289 1016; x_wconf 88' lang='lat' dir='ltr'>ambae</span> 
     </span>
     <span class='ocr_line' id='line_1_8' title="bbox 162 1052 1287 1139; baseline -0.004 -17"><span class='ocrx_word' id='word_1_58' title='bbox 162 1057 250 1139; x_wconf 89' lang='lat' dir='ltr'>estis,</span> <span class='ocrx_word' id='word_1_59' title='bbox 273 1055 363 1120; x_wconf 91' lang='lat' dir='ltr'>edico</span> <span class='ocrx_word' id='word_1_60' title='bbox 387 1055 482 1139; x_wconf 91' lang='lat' dir='ltr'>prins.</span> <span class='ocrx_word' id='word_1_61' title='bbox 506 1091 548 1099; x_wconf 86' lang='lat'>-—</span> <span class='ocrx_word' id='word_1_62' title='bbox 577 1053 721 1134; x_wconf 89' lang='lat' dir='ltr'>,ambae’</span> <span class='ocrx_word' id='word_1_63' title='bbox 743 1054 905 1135; x_wconf 88' lang='lat' dir='ltr'>librorum,</span> <span class='ocrx_word' id='word_1_64' title='bbox 929 1053 1105 1135; x_wconf 92' lang='lat' dir='ltr'>quodcum</span> <span class='ocrx_word' id='word_1_65' title='bbox 1130 1052 1287 1119; x_wconf 87' lang='lat' dir='ltr'>Schoellio</span> 
     </span>
     <span class='ocr_line' id='line_1_9' title="bbox 163 1157 1287 1243; baseline -0.004 -19"><span class='ocrx_word' id='word_1_66' title='bbox 163 1159 291 1243; x_wconf 76' lang='lat' dir='ltr'>scripsi,</span> <span class='ocrx_word' id='word_1_67' title='bbox 314 1176 589 1242; x_wconf 85' lang='lat' dir='ltr'>supervacaneum</span> <span class='ocrx_word' id='word_1_68' title='bbox 606 1176 678 1222; x_wconf 90' lang='lat' dir='ltr'>esse</span> <span class='ocrx_word' id='word_1_69' title='bbox 698 1163 806 1222; x_wconf 89' lang='lat' dir='ltr'>censet</span> <span class='ocrx_word' id='word_1_70' title='bbox 822 1157 993 1222; x_wconf 79' lang='lat' dir='ltr'>Muellerus</span> <span class='ocrx_word' id='word_1_71' title='bbox 1014 1177 1096 1241; x_wconf 91' lang='lat' dir='ltr'>pros.</span> <span class='ocrx_word' id='word_1_72' title='bbox 1112 1177 1142 1241; x_wconf 92' lang='lat' dir='ltr'>p.</span> <span class='ocrx_word' id='word_1_73' title='bbox 1160 1159 1230 1222; x_wconf 84' lang='lat'>589.</span> <span class='ocrx_word' id='word_1_74' title='bbox 1246 1192 1287 1203; x_wconf 95' lang='lat'><em>-</em></span> 
     </span>
     <span class='ocr_line' id='line_1_10' title="bbox 161 1258 1288 1342; baseline -0.003 -17"><span class='ocrx_word' id='word_1_75' title='bbox 161 1262 291 1326; x_wconf 77' lang='lat' dir='ltr'>loona.</span> <span class='ocrx_word' id='word_1_76' title='bbox 340 1260 541 1342; x_wconf 80' lang='lat' dir='ltr'>Quamquam</span> <span class='ocrx_word' id='word_1_77' title='bbox 573 1279 631 1342; x_wconf 83' lang='lat' dir='ltr'>ego</span> <span class='ocrx_word' id='word_1_78' title='bbox 661 1259 716 1323; x_wconf 89' lang='lat' dir='ltr'>tibi</span> <span class='ocrx_word' id='word_1_79' title='bbox 741 1259 835 1323; x_wconf 85' lang='lat' dir='ltr'>video</span> <span class='ocrx_word' id='word_1_80' title='bbox 859 1260 986 1342; x_wconf 89' lang='lat' dir='ltr'>stultus,</span> <span class='ocrx_word' id='word_1_81' title='bbox 1015 1259 1158 1342; x_wconf 86' lang='lat' dir='ltr'>gaudere</span> <span class='ocrx_word' id='word_1_82' title='bbox 1186 1258 1288 1341; x_wconf 88' lang='lat' dir='ltr'>aliqui</span> 
     </span>
     <span class='ocr_line' id='line_1_11' title="bbox 163 1361 1286 1446; baseline -0.004 -18"><span class='ocrx_word' id='word_1_83' title='bbox 163 1383 212 1430; x_wconf 93' lang='lat' dir='ltr'>me</span> <span class='ocrx_word' id='word_1_84' title='bbox 228 1364 309 1428; x_wconf 84' lang='lat' dir='ltr'>volo.</span> <span class='ocrx_word' id='word_1_85' title='bbox 322 1401 364 1410; x_wconf 87' lang='lat'>—-</span> <span class='ocrx_word' id='word_1_86' title='bbox 384 1362 599 1446; x_wconf 82' lang='lat' dir='ltr'>Spengelium,</span> <span class='ocrx_word' id='word_1_87' title='bbox 623 1362 676 1445; x_wconf 93' lang='lat' dir='ltr'>qui</span> <span class='ocrx_word' id='word_1_88' title='bbox 698 1383 785 1444; x_wconf 87' lang='lat' dir='ltr'>,nam</span> <span class='ocrx_word' id='word_1_89' title='bbox 803 1361 1011 1445; x_wconf 88' lang='lat' dir='ltr'>quamquam&#39;</span> <span class='ocrx_word' id='word_1_90' title='bbox 1027 1361 1154 1445; x_wconf 81' lang='lat' dir='ltr'>scripsit</span> <span class='ocrx_word' id='word_1_91' title='bbox 1176 1369 1286 1426; x_wconf 89' lang='lat' dir='ltr'>contra</span> 
     </span>
     <span class='ocr_line' id='line_1_12' title="bbox 161 1463 1286 1549; baseline -0.004 -17"><span class='ocrx_word' id='word_1_92' title='bbox 161 1487 287 1532; x_wconf 92' lang='lat' dir='ltr'>versum</span> <span class='ocrx_word' id='word_1_93' title='bbox 311 1473 342 1532; x_wconf 91' lang='lat' dir='ltr'>et</span> <span class='ocrx_word' id='word_1_94' title='bbox 371 1465 573 1549; x_wconf 90' lang='lat' dir='ltr'>sententiam,</span> <span class='ocrx_word' id='word_1_95' title='bbox 596 1465 745 1529; x_wconf 83' lang='lat' dir='ltr'>refutavit</span> <span class='ocrx_word' id='word_1_96' title='bbox 769 1463 954 1529; x_wconf 83' lang='lat' dir='ltr'>Schoellius.</span> <span class='ocrx_word' id='word_1_97' title='bbox 1000 1464 1063 1530; x_wconf 82' lang='lat' dir='ltr'>Sed</span> <span class='ocrx_word' id='word_1_98' title='bbox 1093 1464 1177 1546; x_wconf 90' lang='lat' dir='ltr'>quod</span> <span class='ocrx_word' id='word_1_99' title='bbox 1200 1464 1286 1528; x_wconf 93' lang='lat' dir='ltr'>idem</span> 
     </span>
     <span class='ocr_line' id='line_1_13' title="bbox 110 1566 1286 1653; baseline -0.004 -19"><span class='ocrx_word' id='word_1_100' title='bbox 110 1584 113 1589; x_wconf 88' lang='grc'><strong><em>·</em></strong></span> <span class='ocrx_word' id='word_1_101' title='bbox 160 1569 340 1634; x_wconf 88' lang='lat' dir='ltr'>Schoellins</span> <span class='ocrx_word' id='word_1_102' title='bbox 363 1568 528 1653; x_wconf 82' lang='lat' dir='ltr'>proposuit</span> <span class='ocrx_word' id='word_1_103' title='bbox 551 1567 621 1650; x_wconf 89' lang='lat' dir='ltr'>,tibi</span> <span class='ocrx_word' id='word_1_104' title='bbox 646 1568 732 1651; x_wconf 82' lang='lat' dir='ltr'>ego’,</span> <span class='ocrx_word' id='word_1_105' title='bbox 755 1587 817 1630; x_wconf 96' lang='lat' dir='ltr'>non</span> <span class='ocrx_word' id='word_1_106' title='bbox 841 1587 921 1652; x_wconf 90' lang='lat' dir='ltr'>opus</span> <span class='ocrx_word' id='word_1_107' title='bbox 944 1574 992 1632; x_wconf 90' lang='lat' dir='ltr'>est</span> <span class='ocrx_word' id='word_1_108' title='bbox 1015 1567 1157 1633; x_wconf 83' lang='lat' dir='ltr'>ordinem</span> <span class='ocrx_word' id='word_1_109' title='bbox 1175 1566 1286 1631; x_wconf 87' lang='lat' dir='ltr'>verbo·</span> 
     </span>
     <span class='ocr_line' id='line_1_14' title="bbox 159 1668 1288 1753; baseline -0.004 -17"><span class='ocrx_word' id='word_1_110' title='bbox 159 1693 228 1736; x_wconf 91' lang='lat' dir='ltr'>rum</span> <span class='ocrx_word' id='word_1_111' title='bbox 253 1671 381 1736; x_wconf 90' lang='lat' dir='ltr'>mutari.</span> <span class='ocrx_word' id='word_1_112' title='bbox 411 1708 452 1718; x_wconf 94' lang='lat'><em>-</em></span> <span class='ocrx_word' id='word_1_113' title='bbox 483 1671 527 1736; x_wconf 93' lang='lat' dir='ltr'>lb.</span> <span class='ocrx_word' id='word_1_114' title='bbox 544 1673 614 1736; x_wconf 79' lang='lat'>923.</span> <span class='ocrx_word' id='word_1_115' title='bbox 658 1670 861 1752; x_wconf 79' lang='lat' dir='ltr'>Quamquam</span> <span class='ocrx_word' id='word_1_116' title='bbox 892 1689 926 1735; x_wconf 89' lang='lat' dir='ltr'>es</span> <span class='ocrx_word' id='word_1_117' title='bbox 956 1670 1054 1753; x_wconf 90' lang='lat' dir='ltr'>bella,</span> <span class='ocrx_word' id='word_1_118' title='bbox 1084 1669 1169 1735; x_wconf 88' lang='lat' dir='ltr'>malo</span> <span class='ocrx_word' id='word_1_119' title='bbox 1199 1668 1288 1741; x_wconf 89' lang='lat' dir='ltr'>tno’s‚</span> 
     </span>
     <span class='ocr_line' id='line_1_15' title="bbox 157 1769 1318 1858; baseline -0.005 -18"><span class='ocrx_word' id='word_1_120' title='bbox 157 1776 222 1840; x_wconf 89' lang='lat' dir='ltr'>nisi</span> <span class='ocrx_word' id='word_1_121' title='bbox 250 1795 333 1839; x_wconf 93' lang='lat' dir='ltr'>nnnc</span> <span class='ocrx_word' id='word_1_122' title='bbox 362 1794 422 1858; x_wconf 82' lang='lat' dir='ltr'>ego</span> <span class='ocrx_word' id='word_1_123' title='bbox 453 1774 554 1857; x_wconf 84' lang='lat' dir='ltr'>aliqui</span> <span class='ocrx_word' id='word_1_124' title='bbox 583 1773 718 1857; x_wconf 83' lang='lat' dir='ltr'>gaudeo.</span> <span class='ocrx_word' id='word_1_125' title='bbox 748 1811 789 1819; x_wconf 93' lang='lat'><em>-</em></span> <span class='ocrx_word' id='word_1_126' title='bbox 821 1773 874 1838; x_wconf 87' lang='lat' dir='ltr'>Sic</span> <span class='ocrx_word' id='word_1_127' title='bbox 904 1772 1090 1838; x_wconf 87' lang='lat' dir='ltr'>Schoellius.</span> <span class='ocrx_word' id='word_1_128' title='bbox 1136 1771 1228 1850; x_wconf 92' lang='lat' dir='ltr'>Quod</span> <span class='ocrx_word' id='word_1_129' title='bbox 1255 1769 1288 1835; x_wconf 93' lang='lat' dir='ltr'>in</span> <span class='ocrx_word' id='word_1_130' title='bbox 1316 1777 1318 1781; x_wconf 81' lang='grc'>’</span> 
     </span>
     <span class='ocr_line' id='line_1_16' title="bbox 158 1873 1286 1958; baseline -0.005 -16"><span class='ocrx_word' id='word_1_131' title='bbox 158 1878 253 1943; x_wconf 91' lang='lat' dir='ltr'>initio</span> <span class='ocrx_word' id='word_1_132' title='bbox 276 1897 388 1943; x_wconf 88' lang='lat' dir='ltr'>versus</span> <span class='ocrx_word' id='word_1_133' title='bbox 409 1877 482 1941; x_wconf 92' lang='lat' dir='ltr'>libri</span> <span class='ocrx_word' id='word_1_134' title='bbox 505 1876 624 1942; x_wconf 90' lang='lat' dir='ltr'>habent</span> <span class='ocrx_word' id='word_1_135' title='bbox 647 1876 759 1958; x_wconf 88' lang='lat' dir='ltr'>,nam’,</span> <span class='ocrx_word' id='word_1_136' title='bbox 782 1882 867 1941; x_wconf 90' lang='lat' dir='ltr'>recte</span> <span class='ocrx_word' id='word_1_137' title='bbox 890 1876 1008 1940; x_wconf 88' lang='lat' dir='ltr'>delevit</span> <span class='ocrx_word' id='word_1_138' title='bbox 1031 1876 1096 1940; x_wconf 89' lang='lat' dir='ltr'>iam</span> <span class='ocrx_word' id='word_1_139' title='bbox 1119 1873 1286 1940; x_wconf 86' lang='lat' dir='ltr'>Acidalins</span> 
     </span>
     <span class='ocr_line' id='line_1_17' title="bbox 159 1975 1288 2067; baseline -0.005 -21"><span class='ocrx_word' id='word_1_140' title='bbox 159 1982 311 2067; x_wconf 90' lang='lat' dir='ltr'>(divinat.</span> <span class='ocrx_word' id='word_1_141' title='bbox 334 1987 365 2045; x_wconf 92' lang='grc' dir='ltr'>θῖ</span> <span class='ocrx_word' id='word_1_142' title='bbox 387 1981 549 2064; x_wconf 88' lang='lat' dir='ltr'>interpret.</span> <span class='ocrx_word' id='word_1_143' title='bbox 573 1981 676 2045; x_wconf 88' lang='lat' dir='ltr'>Plaut.</span> <span class='ocrx_word' id='word_1_144' title='bbox 699 2001 728 2064; x_wconf 91' lang='lat' dir='ltr'>p.</span> <span class='ocrx_word' id='word_1_145' title='bbox 742 1979 831 2063; x_wconf 78' lang='lat'>555),</span> <span class='ocrx_word' id='word_1_146' title='bbox 854 2002 885 2044; x_wconf 83' lang='lat' dir='ltr'>es</span> <span class='ocrx_word' id='word_1_147' title='bbox 908 1999 947 2044; x_wconf 82' lang='lat' dir='ltr'>ex</span> <span class='ocrx_word' id='word_1_148' title='bbox 970 1990 1017 2044; x_wconf 79' lang='lat' dir='ltr'>est</span> <span class='ocrx_word' id='word_1_149' title='bbox 1039 1978 1180 2042; x_wconf 87' lang='lat' dir='ltr'>codicum</span> <span class='ocrx_word' id='word_1_150' title='bbox 1205 1975 1288 2041; x_wconf 90' lang='lat' dir='ltr'>eruit</span> 
     </span>
     <span class='ocr_line' id='line_1_18' title="bbox 159 2081 1288 2166; baseline -0.005 -16"><span class='ocrx_word' id='word_1_151' title='bbox 159 2086 349 2166; x_wconf 81' lang='lat' dir='ltr'>Saracenus,</span> <span class='ocrx_word' id='word_1_152' title='bbox 380 2083 548 2147; x_wconf 86' lang='lat' dir='ltr'>Acidalius</span> <span class='ocrx_word' id='word_1_153' title='bbox 578 2081 663 2165; x_wconf 92' lang='lat' dir='ltr'>,tno&#39;</span> <span class='ocrx_word' id='word_1_154' title='bbox 694 2083 725 2145; x_wconf 91' lang='lat' dir='ltr'>in</span> <span class='ocrx_word' id='word_1_155' title='bbox 757 2089 824 2163; x_wconf 90' lang='lat' dir='ltr'>,tuo</span> <span class='ocrx_word' id='word_1_156' title='bbox 848 2082 892 2146; x_wconf 89' lang='lat' dir='ltr'>cs’</span> <span class='ocrx_word' id='word_1_157' title='bbox 924 2083 1070 2147; x_wconf 87' lang='lat' dir='ltr'>mutavit.</span> <span class='ocrx_word' id='word_1_158' title='bbox 1100 2081 1173 2162; x_wconf 89' lang='lat' dir='ltr'>,nisi</span> <span class='ocrx_word' id='word_1_159' title='bbox 1204 2100 1288 2145; x_wconf 92' lang='lat' dir='ltr'>nunc</span> 
     </span>
     <span class='ocr_line' id='line_1_19' title="bbox 159 2184 1344 2272; baseline -0.005 -19"><span class='ocrx_word' id='word_1_160' title='bbox 159 2189 228 2272; x_wconf 83' lang='lat' dir='ltr'>ego’</span> <span class='ocrx_word' id='word_1_161' title='bbox 244 2188 378 2253; x_wconf 89' lang='lat' dir='ltr'>debetur</span> <span class='ocrx_word' id='word_1_162' title='bbox 393 2185 561 2250; x_wconf 79' lang='lat' dir='ltr'>Schoellio.</span> <span class='ocrx_word' id='word_1_163' title='bbox 607 2185 669 2250; x_wconf 86' lang='lat' dir='ltr'>Sed</span> <span class='ocrx_word' id='word_1_164' title='bbox 693 2184 807 2269; x_wconf 90' lang='lat' dir='ltr'>,nuno’</span> <span class='ocrx_word' id='word_1_165' title='bbox 831 2205 945 2269; x_wconf 93' lang='lat' dir='ltr'>parum</span> <span class='ocrx_word' id='word_1_166' title='bbox 970 2184 1188 2267; x_wconf 85' lang='lat' dir='ltr'>significanter</span> <span class='ocrx_word' id='word_1_167' title='bbox 1210 2184 1286 2248; x_wconf 91' lang='lat' dir='ltr'>dioi-</span> <span class='ocrx_word' id='word_1_168' title='bbox 1343 2218 1344 2222; x_wconf 59' lang='lat'><em>=</em></span> 
     </span>
     <span class='ocr_line' id='line_1_20' title="bbox 158 2285 1286 2371; baseline -0.005 -16"><span class='ocrx_word' id='word_1_169' title='bbox 158 2297 219 2356; x_wconf 88' lang='lat' dir='ltr'>tur.</span> <span class='ocrx_word' id='word_1_170' title='bbox 265 2290 380 2371; x_wconf 88' lang='lat' dir='ltr'>Quare,</span> <span class='ocrx_word' id='word_1_171' title='bbox 410 2309 480 2352; x_wconf 93' lang='lat' dir='ltr'>cum</span> <span class='ocrx_word' id='word_1_172' title='bbox 513 2290 544 2351; x_wconf 91' lang='lat' dir='ltr'>in</span> <span class='ocrx_word' id='word_1_173' title='bbox 575 2287 664 2351; x_wconf 89' lang='lat' dir='ltr'>libris</span> <span class='ocrx_word' id='word_1_174' title='bbox 687 2288 812 2370; x_wconf 85' lang='lat' dir='ltr'>legatur</span> <span class='ocrx_word' id='word_1_175' title='bbox 841 2287 917 2369; x_wconf 87' lang='lat' dir='ltr'>,nisi</span> <span class='ocrx_word' id='word_1_176' title='bbox 941 2292 975 2350; x_wconf 91' lang='lat' dir='ltr'>tu</span> <span class='ocrx_word' id='word_1_177' title='bbox 998 2285 1082 2370; x_wconf 83' lang='lat' dir='ltr'>ego’,</span> <span class='ocrx_word' id='word_1_178' title='bbox 1113 2285 1220 2352; x_wconf 89' lang='lat' dir='ltr'>nescio</span> <span class='ocrx_word' id='word_1_179' title='bbox 1244 2306 1286 2350; x_wconf 91' lang='lat' dir='ltr'>an</span> 
     </span>
     <span class='ocr_line' id='line_1_21' title="bbox 159 2388 1286 2476; baseline -0.005 -18"><span class='ocrx_word' id='word_1_180' title='bbox 159 2414 221 2458; x_wconf 93' lang='lat' dir='ltr'>non</span> <span class='ocrx_word' id='word_1_181' title='bbox 245 2396 393 2476; x_wconf 87' lang='lat' dir='ltr'>praestet,</span> <span class='ocrx_word' id='word_1_182' title='bbox 417 2390 502 2472; x_wconf 90' lang='lat' dir='ltr'>quod</span> <span class='ocrx_word' id='word_1_183' title='bbox 527 2390 708 2455; x_wconf 83' lang='lat' dir='ltr'>Saracenus</span> <span class='ocrx_word' id='word_1_184' title='bbox 731 2390 793 2472; x_wconf 83' lang='lat' dir='ltr'>legi</span> <span class='ocrx_word' id='word_1_185' title='bbox 809 2389 891 2455; x_wconf 82' lang='lat' dir='ltr'>vult:</span> <span class='ocrx_word' id='word_1_186' title='bbox 914 2389 990 2472; x_wconf 85' lang='lat' dir='ltr'>,nisi</span> <span class='ocrx_word' id='word_1_187' title='bbox 1014 2395 1117 2454; x_wconf 82' lang='lat' dir='ltr'>tecum</span> <span class='ocrx_word' id='word_1_188' title='bbox 1141 2388 1222 2471; x_wconf 86' lang='lat' dir='ltr'>ego&#39;.</span> <span class='ocrx_word' id='word_1_189' title='bbox 1244 2425 1286 2435; x_wconf 88' lang='lat'>—-</span> 
     </span>
    </p>

    <p class='ocr_par' dir='ltr' id='par_1_3' title="bbox 104 2507 1287 3210">
     <span class='ocr_line' id='line_1_22' title="bbox 246 2507 1287 2591; baseline -0.005 -15"><span class='ocrx_word' id='word_1_190' title='bbox 246 2512 425 2576; x_wconf 68' lang='lat' dir='ltr'>Trucd‘dd.</span> <span class='ocrx_word' id='word_1_191' title='bbox 448 2548 489 2554; x_wconf 90' lang='lat'><em>-</em></span> <span class='ocrx_word' id='word_1_192' title='bbox 521 2509 656 2573; x_wconf 82' lang='lat' dir='ltr'>Codices</span> <span class='ocrx_word' id='word_1_193' title='bbox 688 2508 851 2575; x_wconf 85' lang='lat' dir='ltr'>exhibent:</span> <span class='ocrx_word' id='word_1_194' title='bbox 883 2507 1086 2591; x_wconf 87' lang='lat' dir='ltr'>Quamquam</span> <span class='ocrx_word' id='word_1_195' title='bbox 1119 2508 1168 2585; x_wconf 82' lang='lat' dir='ltr'>hic</span> <span class='ocrx_word' id='word_1_196' title='bbox 1199 2507 1287 2591; x_wconf 90' lang='lat' dir='ltr'>quali</span> 
     </span>
     <span class='ocr_line' id='line_1_23' title="bbox 159 2610 1287 2695; baseline -0.004 -17"><span class='ocrx_word' id='word_1_197' title='bbox 159 2621 209 2678; x_wconf 90' lang='lat' dir='ltr'>est</span> <span class='ocrx_word' id='word_1_198' title='bbox 230 2616 256 2677; x_wconf 92' lang='lat' dir='ltr'><strong>B</strong></span> <span class='ocrx_word' id='word_1_199' title='bbox 279 2613 384 2695; x_wconf 89' lang='lat' dir='ltr'>qualis</span> <span class='ocrx_word' id='word_1_200' title='bbox 408 2619 456 2676; x_wconf 91' lang='grc' dir='ltr'>θεῖ</span> <span class='ocrx_word' id='word_1_201' title='bbox 480 2613 563 2675; x_wconf 80' lang='lat' dir='ltr'>CDL</span> <span class='ocrx_word' id='word_1_202' title='bbox 587 2610 755 2692; x_wconf 89' lang='lat' dir='ltr'>squalidus</span> <span class='ocrx_word' id='word_1_203' title='bbox 782 2617 831 2675; x_wconf 89' lang='lat' dir='ltr'>est</span> <span class='ocrx_word' id='word_1_204' title='bbox 855 2611 878 2674; x_wconf 91' lang='lat' dir='ltr'>Z</span> <span class='ocrx_word' id='word_1_205' title='bbox 908 2614 972 2692; x_wconf 78' lang='lat' dir='ltr'>qua</span> <span class='ocrx_word' id='word_1_206' title='bbox 995 2613 1104 2693; x_wconf 80' lang='lat' dir='ltr'>(quam</span> <span class='ocrx_word' id='word_1_207' title='bbox 1128 2611 1154 2675; x_wconf 91' lang='lat' dir='ltr'>L</span> <span class='ocrx_word' id='word_1_208' title='bbox 1178 2630 1287 2693; x_wconf 88' lang='lat' dir='ltr'>quam·</span> 
     </span>
     <span class='ocr_line' id='line_1_24' title="bbox 162 2712 1286 2800; baseline -0.002 -21"><span class='ocrx_word' id='word_1_209' title='bbox 162 2735 257 2797; x_wconf 89' lang='lat' dir='ltr'>quam</span> <span class='ocrx_word' id='word_1_210' title='bbox 282 2717 322 2800; x_wconf 88' lang='grc' dir='ltr'>Ζ)</span> <span class='ocrx_word' id='word_1_211' title='bbox 357 2716 406 2779; x_wconf 86' lang='lat' dir='ltr'>lrio</span> <span class='ocrx_word' id='word_1_212' title='bbox 437 2715 583 2778; x_wconf 89' lang='lat' dir='ltr'>horridus</span> <span class='ocrx_word' id='word_1_213' title='bbox 613 2715 694 2778; x_wconf 90' lang='lat' dir='ltr'>citus</span> <span class='ocrx_word' id='word_1_214' title='bbox 726 2714 842 2778; x_wconf 93' lang='lat' dir='ltr'>bellum</span> <span class='ocrx_word' id='word_1_215' title='bbox 871 2713 973 2798; x_wconf 78' lang='lat' dir='ltr'>(bellu</span> <span class='ocrx_word' id='word_1_216' title='bbox 997 2712 1036 2797; x_wconf 92' lang='lat' dir='ltr'>B)</span> <span class='ocrx_word' id='word_1_217' title='bbox 1068 2713 1099 2777; x_wconf 92' lang='lat' dir='ltr'>hi</span> <span class='ocrx_word' id='word_1_218' title='bbox 1128 2714 1222 2779; x_wconf 83' lang='lat' dir='ltr'>BOD.</span> <span class='ocrx_word' id='word_1_219' title='bbox 1246 2750 1286 2759; x_wconf 87' lang='lat'>—</span> 
     </span>
     <span class='ocr_line' id='line_1_25' title="bbox 163 2814 1286 2900; baseline 0 -19"><span class='ocrx_word' id='word_1_220' title='bbox 163 2819 267 2899; x_wconf 86' lang='lat' dir='ltr'>Atque</span> <span class='ocrx_word' id='word_1_221' title='bbox 297 2818 328 2881; x_wconf 94' lang='lat' dir='ltr'>in</span> <span class='ocrx_word' id='word_1_222' title='bbox 352 2818 455 2900; x_wconf 92' lang='lat' dir='ltr'>,quali</span> <span class='ocrx_word' id='word_1_223' title='bbox 480 2817 543 2882; x_wconf 89' lang='lat' dir='ltr'>est&#39;</span> <span class='ocrx_word' id='word_1_224' title='bbox 567 2818 618 2882; x_wconf 89' lang='lat' dir='ltr'>vel</span> <span class='ocrx_word' id='word_1_225' title='bbox 642 2816 763 2898; x_wconf 90' lang='lat' dir='ltr'>‚qualis</span> <span class='ocrx_word' id='word_1_226' title='bbox 787 2814 848 2881; x_wconf 90' lang='lat' dir='ltr'>est&#39;</span> <span class='ocrx_word' id='word_1_227' title='bbox 871 2817 972 2880; x_wconf 87' lang='lat' dir='ltr'>latere</span> <span class='ocrx_word' id='word_1_228' title='bbox 994 2815 1180 2899; x_wconf 89' lang='lat' dir='ltr'>,squalust&#39;,</span> <span class='ocrx_word' id='word_1_229' title='bbox 1202 2822 1286 2881; x_wconf 91' lang='lat' dir='ltr'>recte</span> 
     </span>
     <span class='ocr_line' id='line_1_26' title="bbox 162 2918 1284 3004; baseline -0.002 -20"><span class='ocrx_word' id='word_1_230' title='bbox 162 2918 240 2984; x_wconf 83' lang='lat' dir='ltr'>vidit</span> <span class='ocrx_word' id='word_1_231' title='bbox 262 2920 447 3004; x_wconf 85' lang='lat' dir='ltr'>Seyffertus,</span> <span class='ocrx_word' id='word_1_232' title='bbox 478 2919 585 3003; x_wconf 88' lang='lat' dir='ltr'>philol.</span> <span class='ocrx_word' id='word_1_233' title='bbox 602 2919 737 2983; x_wconf 88' lang='lat' dir='ltr'><strong>XXVII.</strong></span> <span class='ocrx_word' id='word_1_234' title='bbox 762 2940 791 3001; x_wconf 91' lang='lat' dir='ltr'>p.</span> <span class='ocrx_word' id='word_1_235' title='bbox 809 2922 870 2981; x_wconf 80' lang='grc'>473</span> <span class='ocrx_word' id='word_1_236' title='bbox 903 2957 953 2984; x_wconf 89' lang='grc'>-.</span> <span class='ocrx_word' id='word_1_237' title='bbox 998 2919 1062 2983; x_wconf 83' lang='lat' dir='ltr'>Sed</span> <span class='ocrx_word' id='word_1_238' title='bbox 1090 2920 1175 3001; x_wconf 88' lang='lat' dir='ltr'>quod</span> <span class='ocrx_word' id='word_1_239' title='bbox 1200 2918 1284 2984; x_wconf 93' lang='lat' dir='ltr'>idem</span> 
     </span>
     <span class='ocr_line' id='line_1_27' title="bbox 104 3020 1286 3105; baseline -0.003 -16"><span class='ocrx_word' id='word_1_240' title='bbox 104 3052 106 3054; x_wconf 88' lang='lat'>·</span> <span class='ocrx_word' id='word_1_241' title='bbox 160 3042 199 3089; x_wconf 85' lang='lat' dir='ltr'>ex</span> <span class='ocrx_word' id='word_1_242' title='bbox 222 3023 385 3104; x_wconf 87' lang='lat' dir='ltr'>‚horridus</span> <span class='ocrx_word' id='word_1_243' title='bbox 409 3022 505 3086; x_wconf 87' lang='lat' dir='ltr'>citus’</span> <span class='ocrx_word' id='word_1_244' title='bbox 529 3022 603 3087; x_wconf 85' lang='lat' dir='ltr'>fecit</span> <span class='ocrx_word' id='word_1_245' title='bbox 632 3020 925 3102; x_wconf 83' lang='lat' dir='ltr'>,horridiusculust&#39;</span> <span class='ocrx_word' id='word_1_246' title='bbox 949 3020 1118 3105; x_wconf 86' lang='lat' dir='ltr'>astipulari</span> <span class='ocrx_word' id='word_1_247' title='bbox 1156 3021 1185 3087; x_wconf 86' lang='lat' dir='ltr'>ei</span> <span class='ocrx_word' id='word_1_248' title='bbox 1223 3041 1286 3086; x_wconf 91' lang='lat' dir='ltr'>non</span> 
     </span>
     <span class='ocr_line' id='line_1_28' title="bbox 158 3122 1229 3210; baseline -0.001 -20"><span class='ocrx_word' id='word_1_249' title='bbox 158 3145 298 3210; x_wconf 88' lang='lat' dir='ltr'>possum,</span> <span class='ocrx_word' id='word_1_250' title='bbox 323 3145 381 3190; x_wconf 93' lang='lat' dir='ltr'>nec</span> <span class='ocrx_word' id='word_1_251' title='bbox 404 3125 507 3206; x_wconf 84' lang='lat' dir='ltr'>magis</span> <span class='ocrx_word' id='word_1_252' title='bbox 530 3123 711 3206; x_wconf 85' lang='lat' dir='ltr'>Spengelio,</span> <span class='ocrx_word' id='word_1_253' title='bbox 734 3123 789 3205; x_wconf 93' lang='lat' dir='ltr'>qui</span> <span class='ocrx_word' id='word_1_254' title='bbox 812 3122 939 3201; x_wconf 82' lang='lat' dir='ltr'>exhibet</span> <span class='ocrx_word' id='word_1_255' title='bbox 962 3124 1083 3206; x_wconf 89' lang='lat' dir='ltr'>,horret</span> <span class='ocrx_word' id='word_1_256' title='bbox 1106 3124 1229 3190; x_wconf 88' lang='lat' dir='ltr'>scitus&#39;.</span> 
     </span>
    </p>

    <p class='ocr_par' dir='ltr' id='par_1_4' title="bbox 157 3226 1287 3722">
     <span class='ocr_line' id='line_1_29' title="bbox 243 3226 1287 3327; baseline -0.001 -17"><span class='ocrx_word' id='word_1_257' title='bbox 243 3245 373 3310; x_wconf 87' lang='lat' dir='ltr'>Rectius</span> <span class='ocrx_word' id='word_1_258' title='bbox 391 3245 515 3308; x_wconf 87' lang='lat' dir='ltr'>videtur</span> <span class='ocrx_word' id='word_1_259' title='bbox 531 3244 717 3326; x_wconf 84' lang='lat' dir='ltr'>Schoellius,</span> <span class='ocrx_word' id='word_1_260' title='bbox 740 3226 847 3310; x_wconf 84' lang='lat' dir='ltr'>deleta</span> <span class='ocrx_word' id='word_1_261' title='bbox 870 3263 947 3309; x_wconf 88' lang='lat' dir='ltr'>voce</span> <span class='ocrx_word' id='word_1_262' title='bbox 970 3247 1064 3326; x_wconf 73' lang='lat' dir='ltr'>,quai&#39;</span> <span class='ocrx_word' id='word_1_263' title='bbox 1088 3244 1139 3309; x_wconf 92' lang='lat' dir='ltr'>vel</span> <span class='ocrx_word' id='word_1_264' title='bbox 1161 3265 1287 3327; x_wconf 88' lang='lat' dir='ltr'>,quam-</span> 
     </span>
     <span class='ocr_line' id='line_1_30' title="bbox 158 3347 1287 3432; baseline -0.001 -19"><span class='ocrx_word' id='word_1_265' title='bbox 158 3347 272 3432; x_wconf 87' lang='lat' dir='ltr'>quam&#39;</span> <span class='ocrx_word' id='word_1_266' title='bbox 295 3348 433 3412; x_wconf 84' lang='lat' dir='ltr'>scribere</span> <span class='ocrx_word' id='word_1_267' title='bbox 460 3348 622 3429; x_wconf 88' lang='lat' dir='ltr'>,horridus</span> <span class='ocrx_word' id='word_1_268' title='bbox 645 3348 702 3413; x_wconf 91' lang='lat' dir='ltr'>tibi</span> <span class='ocrx_word' id='word_1_269' title='bbox 711 3348 727 3429; x_wconf 90' lang='lat'>’,</span> <span class='ocrx_word' id='word_1_270' title='bbox 757 3348 947 3430; x_wconf 89' lang='lat' dir='ltr'>praesertim</span> <span class='ocrx_word' id='word_1_271' title='bbox 979 3367 1048 3412; x_wconf 92' lang='lat' dir='ltr'>cum</span> <span class='ocrx_word' id='word_1_272' title='bbox 1081 3347 1287 3431; x_wconf 88' lang='lat' dir='ltr'>probabiliter</span> 
     </span>
     <span class='ocr_line' id='line_1_31' title="bbox 158 3449 1286 3535; baseline -0.002 -20"><span class='ocrx_word' id='word_1_273' title='bbox 158 3451 288 3535; x_wconf 87' lang='lat' dir='ltr'>Lipsius</span> <span class='ocrx_word' id='word_1_274' title='bbox 323 3450 422 3514; x_wconf 83' lang='lat' dir='ltr'>verba</span> <span class='ocrx_word' id='word_1_275' title='bbox 454 3451 551 3531; x_wconf 89' lang='lat' dir='ltr'>,citus</span> <span class='ocrx_word' id='word_1_276' title='bbox 586 3450 701 3514; x_wconf 87' lang='lat' dir='ltr'>bellum</span> <span class='ocrx_word' id='word_1_277' title='bbox 738 3449 785 3513; x_wconf 88' lang='lat' dir='ltr'>hi’</span> <span class='ocrx_word' id='word_1_278' title='bbox 820 3451 968 3515; x_wconf 90' lang='lat' dir='ltr'>emendet</span> <span class='ocrx_word' id='word_1_279' title='bbox 999 3450 1109 3529; x_wconf 89' lang='lat' dir='ltr'>,scitus</span> <span class='ocrx_word' id='word_1_280' title='bbox 1144 3449 1286 3514; x_wconf 86' lang='lat' dir='ltr'>bellus’st</span> 
     </span>
     <span class='ocr_line' id='line_1_32' title="bbox 157 3551 1287 3636; baseline -0.002 -19"><span class='ocrx_word' id='word_1_281' title='bbox 157 3552 260 3635; x_wconf 86' lang='lat' dir='ltr'>milri&#39;,</span> <span class='ocrx_word' id='word_1_282' title='bbox 291 3572 375 3636; x_wconf 91' lang='lat' dir='ltr'>quac</span> <span class='ocrx_word' id='word_1_283' title='bbox 405 3560 512 3617; x_wconf 90' lang='lat' dir='ltr'>tamen</span> <span class='ocrx_word' id='word_1_284' title='bbox 543 3552 653 3616; x_wconf 89' lang='lat' dir='ltr'>malim</span> <span class='ocrx_word' id='word_1_285' title='bbox 685 3574 753 3617; x_wconf 92' lang='lat' dir='ltr'>cum</span> <span class='ocrx_word' id='word_1_286' title='bbox 780 3551 938 3617; x_wconf 86' lang='lat' dir='ltr'>Schoellio</span> <span class='ocrx_word' id='word_1_287' title='bbox 970 3552 1144 3636; x_wconf 83' lang='lat' dir='ltr'>transponi,</span> <span class='ocrx_word' id='word_1_288' title='bbox 1173 3553 1287 3633; x_wconf 84' lang='lat' dir='ltr'>,scitus</span> 
     </span>
     <span class='ocr_line' id='line_1_33' title="bbox 158 3655 448 3722; baseline -0.003 0"><span class='ocrx_word' id='word_1_289' title='bbox 158 3662 207 3722; x_wconf 90' lang='grc' dir='ltr'>θεῖ</span> <span class='ocrx_word' id='word_1_290' title='bbox 229 3657 331 3722; x_wconf 93' lang='lat' dir='ltr'>bellus</span> <span class='ocrx_word' id='word_1_291' title='bbox 355 3655 448 3721; x_wconf 90' lang='lat' dir='ltr'>mihi’.</span> 
     </span>
    </p>
   </div>
   <div class='ocr_carea' id='block_1_3' title="bbox 247 3774 776 3851">
    <p class='ocr_par' dir='ltr' id='par_1_5' title="bbox 247 3774 776 3851">
     <span class='ocr_line' id='line_1_34' title="bbox 247 3774 776 3851; baseline 0.002 -12"><span class='ocrx_word' id='word_1_292' title='bbox 247 3775 355 3851; x_wconf 86' lang='lat' dir='ltr'>Quare</span> <span class='ocrx_word' id='word_1_293' title='bbox 379 3776 481 3839; x_wconf 91' lang='lat' dir='ltr'>scribo</span> <span class='ocrx_word' id='word_1_294' title='bbox 505 3795 574 3839; x_wconf 92' lang='lat' dir='ltr'>cum</span> <span class='ocrx_word' id='word_1_295' title='bbox 599 3774 776 3840; x_wconf 80' lang='lat' dir='ltr'>Schoellioz</span> 
     </span>
    </p>
   </div>
   <div class='ocr_carea' id='block_1_4' title="bbox 159 3891 1287 4286">
    <p class='ocr_par' dir='ltr' id='par_1_6' title="bbox 159 3891 1286 4080">
     <span class='ocr_line' id='line_1_35' title="bbox 159 3891 1286 3978; baseline 0 -21"><span class='ocrx_word' id='word_1_296' title='bbox 159 3893 361 3978; x_wconf 77' lang='lat' dir='ltr'>Quamquam</span> <span class='ocrx_word' id='word_1_297' title='bbox 387 3895 437 3959; x_wconf 88' lang='lat' dir='ltr'>hic</span> <span class='ocrx_word' id='word_1_298' title='bbox 453 3896 606 3978; x_wconf 74' lang='lat' dir='ltr'>squallet,</span> <span class='ocrx_word' id='word_1_299' title='bbox 629 3893 778 3958; x_wconf 82' lang='lat' dir='ltr'>horridus</span> <span class='ocrx_word' id='word_1_300' title='bbox 793 3893 859 3972; x_wconf 90' lang='lat' dir='ltr'>tibi,</span> <span class='ocrx_word' id='word_1_301' title='bbox 882 3899 980 3957; x_wconf 84' lang='lat' dir='ltr'>scitus</span> <span class='ocrx_word' id='word_1_302' title='bbox 1003 3901 1060 3976; x_wconf 90' lang='lat' dir='ltr'>est,</span> <span class='ocrx_word' id='word_1_303' title='bbox 1081 3892 1185 3957; x_wconf 81' lang='lat' dir='ltr'>bellus</span> <span class='ocrx_word' id='word_1_304' title='bbox 1201 3891 1286 3959; x_wconf 90' lang='lat' dir='ltr'>mihi.</span> 
     </span>
     <span class='ocr_line' id='line_1_36' title="bbox 571 3994 1166 4080; baseline -0.002 -18"><span class='ocrx_word' id='word_1_305' title='bbox 571 3999 674 4062; x_wconf 87' lang='lat' dir='ltr'>Plaut.</span> <span class='ocrx_word' id='word_1_306' title='bbox 690 3998 802 4080; x_wconf 83' lang='lat' dir='ltr'>fragm.</span> <span class='ocrx_word' id='word_1_307' title='bbox 820 3996 940 4062; x_wconf 82' lang='lat' dir='ltr'>Cistell.</span> <span class='ocrx_word' id='word_1_308' title='bbox 957 3998 996 4058; x_wconf 82' lang='lat'>39</span> <span class='ocrx_word' id='word_1_309' title='bbox 1020 3994 1166 4079; x_wconf 84' lang='lat' dir='ltr'>(Weise).</span> 
     </span>
    </p>

    <p class='ocr_par' dir='ltr' id='par_1_7' title="bbox 159 4099 1287 4188">
     <span class='ocr_line' id='line_1_37' title="bbox 159 4099 1287 4188; baseline -0.003 -22"><span class='ocrx_word' id='word_1_310' title='bbox 159 4100 363 4188; x_wconf 74' lang='lat' dir='ltr'>Quamquam</span> <span class='ocrx_word' id='word_1_311' title='bbox 390 4109 480 4166; x_wconf 88' lang='lat' dir='ltr'>vetus</span> <span class='ocrx_word' id='word_1_312' title='bbox 504 4100 684 4166; x_wconf 81' lang='lat' dir='ltr'>cantherius</span> <span class='ocrx_word' id='word_1_313' title='bbox 707 4120 791 4181; x_wconf 90' lang='lat' dir='ltr'>sum,</span> <span class='ocrx_word' id='word_1_314' title='bbox 821 4099 897 4163; x_wconf 80' lang='lat' dir='ltr'>milri</span> <span class='ocrx_word' id='word_1_315' title='bbox 921 4119 1004 4163; x_wconf 89' lang='lat' dir='ltr'>nunc</span> <span class='ocrx_word' id='word_1_316' title='bbox 1027 4105 1061 4163; x_wconf 92' lang='lat' dir='ltr'>ut</span> <span class='ocrx_word' id='word_1_317' title='bbox 1083 4118 1142 4180; x_wconf 81' lang='lat' dir='ltr'>ego</span> <span class='ocrx_word' id='word_1_318' title='bbox 1165 4103 1287 4181; x_wconf 80' lang='lat' dir='ltr'>opinon</span> 
     </span>
    </p>

    <p class='ocr_par' dir='ltr' id='par_1_8' title="bbox 161 4201 1217 4286">
     <span class='ocr_line' id='line_1_38' title="bbox 161 4201 1217 4286; baseline -0.001 -18"><span class='ocrx_word' id='word_1_319' title='bbox 161 4203 340 4268; x_wconf 81' lang='lat' dir='ltr'>Adhlnnire</span> <span class='ocrx_word' id='word_1_320' title='bbox 363 4205 512 4286; x_wconf 87' lang='lat' dir='ltr'>equolam</span> <span class='ocrx_word' id='word_1_321' title='bbox 536 4208 667 4286; x_wconf 81' lang='lat' dir='ltr'>possum</span> <span class='ocrx_word' id='word_1_322' title='bbox 692 4222 751 4286; x_wconf 84' lang='lat' dir='ltr'>ego</span> <span class='ocrx_word' id='word_1_323' title='bbox 774 4202 865 4278; x_wconf 87' lang='lat' dir='ltr'>hanc,</span> <span class='ocrx_word' id='word_1_324' title='bbox 888 4203 916 4266; x_wconf 93' lang='lat' dir='ltr'>si</span> <span class='ocrx_word' id='word_1_325' title='bbox 939 4202 1031 4266; x_wconf 82' lang='lat' dir='ltr'>detur</span> <span class='ocrx_word' id='word_1_326' title='bbox 1054 4201 1122 4265; x_wconf 86' lang='lat' dir='ltr'>sola</span> <span class='ocrx_word' id='word_1_327' title='bbox 1146 4201 1217 4267; x_wconf 85' lang='lat' dir='ltr'>soli.</span> 
     </span>
    </p>
   </div>
   <div class='ocr_carea' id='block_1_5' title="bbox 0 0 1452 4680">
    <p class='ocr_par' dir='ltr' id='par_1_9' title="bbox 0 0 1452 4680">
     <span class='ocr_line' id='line_1_39' title="bbox 0 0 1452 4680; baseline 0 0"><span class='ocrx_word' id='word_1_328' title='bbox 0 0 1452 4680; x_wconf 95' lang='lat' dir='ltr'> </span> 
     </span>
    </p>
   </div>
  </div>
 </body>
</html>
