2896 4680
1244 223 1289 284 35

247 385 458 450 Indicativum
482 388 591 450 omnia
612 388 768 468 praebent
791 388 955 472 exempla:

336 490 372 551 A.
395 489 444 552 De
466 496 692 570 ,quamquam’
715 491 874 573 particula
896 492 1023 556 notione
1045 493 1226 575 ,obgleich’.

250 597 275 653 1.
298 591 516 655 Praemittitur
538 594 698 656 sententia
727 594 924 658 6116666116.
968 595 1128 658 1161178.
1173 595 1291 673 Quam-

159 714 258 778 quam
281 694 370 758 illum
395 701 497 760 mater
513 702 581 759 arte
597 703 807 777 contenteque
830 696 938 777 babet,
964 698 1076 762 Patres
1100 704 1134 761 ut
1157 719 1289 763 consue-

160 804 288 863 verunt:
320 817 379 879 ego
410 798 501 860 mitto
532 799 639 861 omnia
664 797 750 863 haec.
795 798 882 862 Asin.
904 801 973 862 831.
1004 820 1200 882 quamquam
1230 820 1289 883 ego

159 901 263 964 istanc
294 920 380 980 amo,
411 901 544 964 Possum
575 901 724 982 equidem
756 901 907 964 inducere
937 902 1091 982 animum,
1120 923 1160 966 ne
1191 922 1286 985 aegre
1384 955 1387 960 .

159 1003 276 1087 patiar,
300 1003 375 1084 quia
398 1009 501 1067 tecum
520 1003 669 1067 adcubat.
686 1041 728 1048 —-
744 1003 797 1068 Sic
819 1003 917 1067 libros
933 1012 1059 1068 secutus
1083 1005 1195 1089 scripsi
1219 1024 1289 1069 cum

161 1105 294 1173 Goetnio
318 1107 457 1170 Loewio.
502 1107 615 1187 Neque
642 1108 726 1171 enim
751 1114 811 1186 est,
841 1126 895 1171 cur
925 1127 995 1171 cum
1019 1107 1230 1172 Fleckeiseno
1257 1109 1290 1173 in

163 1230 192 1274 1.
207 1210 261 1273 831
297 1229 370 1291 ,ego
398 1228 594 1290 quamquam
622 1209 717 1273 istam
741 1215 830 1272 amo’
860 1229 931 1274 cum
962 1209 1083 1274 Weisio
1114 1210 1146 1273 in
1176 1231 1204 1274 1.
1228 1213 1289 1274 832

164 1331 220 1395 pro
242 1312 347 1393 ,quis'
371 1310 489 1392 ,qnod’
513 1312 643 1375 scribas.
671 1349 709 1357 —
732 1313 803 1375 Aul.
826 1314 896 1374 6811.
919 1349 961 1357 -

246 1414 354 1478 Oasin.
371 1415 403 1477 ΙΙ
427 1416 453 1494 3,
470 1418 519 1475 45.
565 1416 605 1476 At
621 1434 817 1496 quamquam
834 1415 967 1501 unicust,
990 1414 1098 1479 Nihilo
1115 1415 1219 1496 magis
1233 1415 1289 1479 ille

161 1516 288 1580 unicust
311 1515 386 1578 mihi
403 1515 495 1594 filius,
518 1534 616 1596 quam
632 1535 692 1597 ego
715 1517 744 1580 ei
761 1523 861 1598 pater.
876 1528 918 1561 '—
934 1517 1001 1593 ,ille
1017 1516 1158 1580 unicust'
1175 1518 1290 1599 scripsi

161 1638 232 1683 cnm
250 1618 425 1700 Gepperto;
449 1617 480 1679 in
498 1617 660 1680 codicibus
676 1618 790 1700 legitur
813 1620 942 1699 ,unicus
965 1619 1080 1683 estille
1103 1618 1179 1682 mihi
1195 1618 1289 1701 (mihi

159 1720 215 1786 ille
232 1719 287 1804 P)’
311 1726 393 1784 teste
409 1720 582 1802 Gepperto.
602 1721 734 1784 --0161Ι
752 1720 766 1783 l
794 1728 817 1800 t,
836 1722 904 1786 108.
920 1757 960 1766 -
976 1722 1042 1786 Mil.
1061 1724 1150 1786 1231.
1173 1721 1289 1798 Quam-

160 1842 259 1904 quam
276 1822 364 1886 illum
382 1822 503 1885 multae
519 1821 580 1885 sibi
600 1829 815 1905 expetessunt,
838 1822 896 1887 llle
913 1823 986 1887 illas
1002 1825 1124 1907 spernit
1141 1834 1290 1906 segregat

159 1924 201 1988 ab
226 1943 260 1988 se
283 1943 392 1988 omnes
415 1931 507 1987 extra
532 1931 562 1987 te
585 1943 690 1989 unam.

245 2028 283 2090 In
305 2046 334 2092 1.
360 2028 436 2089 1231
464 2025 634 2090 Muellerus
664 2047 746 2108 pros.
770 2048 800 2110 p.
824 2030 883 2090 337
915 2029 1187 2111 transponendum
1218 2048 1289 2094 esse

158 2129 324 2196 existimat
345 2128 480 2209 ,multae
492 2127 602 2192 illum'.
624 2165 667 2174 -
690 2129 770 2193 111.
790 2129 1288 2214 1232,6161111663166686111

159 2233 269 2299 Brixio
285 2231 464 2315 asyndeton
487 2251 558 2296 6666
573 2231 668 2313 volui,
691 2232 776 2313 quod
801 2232 900 2298 fuisse
920 2234 980 2297 hoc
1002 2233 1072 2298 loco
1096 2234 1288 2318 escriptura

160 2335 304 2401 codicum
336 2332 538 2415 intellegitur,
568 2333 621 2413 qui
653 2333 822 2416 praebent:
851 2355 889 2415 ,6.
909 2342 1056 2418 segregat
1086 2335 1200 2401 hasoe'
1230 2336 1285 2400 OD

159 2459 194 2522 ,6.
212 2443 360 2521 segregat
383 2435 449 2499 hec'
474 2437 498 2498 B
522 2455 561 2517 ,6.
593 2443 743 2518 segregat
774 2437 814 2501 ab
845 2436 894 2502 se'
917 2437 979 2503 FZ.
1023 2438 1062 2503 cf.
1078 2439 1221 2503 Brixium
1245 2440 1288 2504 ad

162 2541 250 2607 Trin.
273 2542 358 2604 243³.
374 2578 416 2585 —
432 2539 496 2602 Mil.
521 2541 602 2601 1319
626 2576 666 2584 -
683 2539 774 2603 codd.
797 2539 930 2604 habent:
954 2540 1010 2605 lbo
1034 2561 1229 2623 quamquam
1246 2543 1291 2606 in-

161 2645 229 2708 vita
250 2644 334 2707 facio
366 2642 451 2706 omni
482 2642 585 2723 pietas
609 2642 650 2704 sit
672 2661 710 2705 eo
735 2641 831 2705 chant
853 2643 942 2727 sapis
966 2641 1049 2707 CDF
1074 2643 1160 2708 omni
1182 2645 1288 2727 pietas

163 2745 229 2808 scio
245 2746 298 2809 Pl:
321 2743 417 2810 chant
440 2744 530 2826 sapis
547 2744 581 2806 B.
597 2744 712 2807 omnia.
735 2745 839 2827 pietas
855 2744 901 2809 sio
916 2743 1050 2810 cohibet.
1097 2746 1141 2810 Pl.
1158 2746 1285 2829 sapisZ

249 2846 329 2937 Cum
345 2847 522 2911 Lambinus
539 2847 660 2929 ,pietas
676 2846 720 2909 616
736 2846 828 2927 cogit.
844 2847 889 2911 Pl.
907 2848 1011 2932 sapis'
1028 2848 1196 2912 Acidalius
1211 2849 1291 2933 ,pie-

162 2956 212 3014 tas
227 2951 309 3015 sicce
324 2949 419 3014 iubet.
436 2949 482 3014 Pl.
498 2947 598 3032 sapis’
615 2949 867 3031 proposuissent,
882 2949 1075 3014 Ritschelius
1091 2950 1289 3015 emendavit:

246 3051 312 3117 Ibo.
335 3071 533 3134 quamquam
546 3049 648 3114 invita
671 3049 763 3132 facio,
786 3051 891 3133 pietas
912 3051 1097 3116 consuadet.
1118 3053 1164 3115 Pl.
1186 3052 1288 3136 sapis’

160 3155 212 3219 161
233 3159 286 3237 ,61
302 3153 407 3238 pietas
423 3153 620 3217 consnadet’.
664 3151 735 3229 Qua
757 3152 789 3215 in
806 3172 840 3217 re
863 3152 941 3215 illud
958 3152 1036 3216 mihi
1052 3174 1114 3216 non
1130 3154 1293 3238 probatur,

162 3257 248 3340 quod
272 3256 426 3339 neglectis
450 3254 611 3320 codicibus
627 3253 822 3319 Ritschelius
845 3273 914 3319 oum
933 3254 1093 3320 Gulielmo
1113 3256 1225 3340 ,omni'
1241 3257 1292 3321 161

160 3358 302 3442 ,omnia'
325 3379 455 3443 prorsus
478 3357 606 3423 delevit.

247 3461 317 3525 Iam
341 3461 426 3543 quod
442 3461 475 3524 in
492 3460 597 3524 Iahnii
621 3460 793 3524 annalibus
816 3458 904 3545 (tom.
921 3461 961 3523 79
976 3481 1006 3545 p.
1023 3461 1083 3523 708
1096 3460 1135 3545 ¹))
1158 3459 1293 3525 coniecit

162 3565 310 3630 Klotzius
333 3586 409 3647 ,quo
433 3566 537 3649 pietas
560 3564 656 3628 iubet.
680 3563 792 3647 sapis’,
820 3570 906 3629 recte
929 3582 1001 3627 enm
1025 3563 1143 3637 refellit
1165 3563 1293 3628 Brixius

163 3668 240 3750 (Mil.
256 3668 334 3750 glor.
353 3670 432 3730 1875
457 3689 486 3751 p.
506 3665 586 3751 155).

164 3790 368 3799 ————--

257 3859 277 3922 ¹)
294 3850 342 3907 Ad
355 3854 460 3906 Klotaii
479 3853 667 3906 coniecturam
685 3853 801 3905 adnotat
819 3851 1031 3919 Fleckeisenus,
1050 3850 1138 3919 ,facio’
1156 3853 1295 3920 glossema

170 3941 326 3994 eiciendum
354 3949 382 3993 et
409 3938 587 3992 scribendum
615 3953 678 3991 6666
701 3937 764 4003 ,lbo
788 3952 952 4004 quamquam
977 3937 1078 4004 invita3
1105 3943 1134 3990 at
1160 3938 1231 3990 enim
1258 3939 1295 3992 mi

169 4026 263 4094 pietas
289 4026 329 4079 616
354 4025 461 4078 suadet.
478 4025 481 4093 1
499 4024 597 4090 sapis‘.
615 4053 648 4060 —
667 4021 722 4076 Sed
748 4022 827 4074 nullo
854 4023 915 4075 loco
937 4037 1027 4090 neque
1051 4022 1180 4076 Plautino
1203 4038 1295 4090 neque

171 4111 344 4164 Terentiano
362 4112 386 4162 is
405 4109 559 4178 particulae
578 4107 762 4177 ,quamqnam'
780 4123 848 4160 usus
866 4107 1017 4172 invenitur,
1036 4112 1068 4159 ut
1086 4121 1119 4160 ea
1137 4122 1197 4160 cnm
1211 4108 1296 4160 nomi·

167 4195 269 4264 nibus,
291 4195 462 4263 participiis,
487 4193 549 4247 aliis
574 4194 711 4246 enuntiati
728 4192 856 4262 partibus
875 4193 963 4246 verbo
981 4191 1084 4245 omisso
1102 4191 1298 4258 coniungatur.

1138 4296 1169 4346 3*
