2896 4680
1212 219 1250 278 Ν

210 383 314 447 Aliter
336 403 387 448 res
410 403 444 447 se
467 382 566 448 habet
589 385 620 447 in
645 384 779 450 Casinl
797 389 830 448 5:
853 382 936 460 quin
959 383 1072 468 edepol
1093 384 1200 469 etiam,
1223 386 1249 450 si

124 486 157 548 in
185 504 307 550 crucem
339 485 389 549 vis
419 505 553 568 pergere
576 486 673 568 Sequi
697 487 897 551 decretumst.
942 486 1002 550 Ubi
1033 487 1248 552 concessivam

125 590 285 651 notionem
317 589 431 670 ,eiiam
456 588 496 651 si'
520 609 582 652 non
607 589 736 672 habent,
764 590 820 654 sed
844 590 1039 654 secernenda
1062 599 1135 654 sunt
1157 591 1250 654 inter-

123 691 294 772 pungendo
318 698 466 771 recteque
490 699 695 755 secernuntur
718 712 737 755 a
760 692 929 775 Gepperto.

152 841 155 848 .
210 794 246 856 In
270 793 334 858 Mil.
357 813 450 857 versu
478 797 566 876 1014,
590 794 642 857 ubi
664 794 698 858 in
720 794 880 858 codicibus
911 800 1018 858 exstat
1050 794 1162 868 ‚etiam
1193 796 1248 861 sed

124 917 186 959 non
205 896 307 960 celas’
330 916 394 959 non
410 895 576 959 commode
591 897 781 961 emendasse
798 897 1011 962 Camerarium
1034 898 1094 978 ,ita
1108 898 1249 962 etiamsi’

129 1017 234 1078 neque
257 997 437 1079 Gruterum,
467 1018 600 1080 quocum
630 999 708 1062 iacit
730 999 878 1064 Handius
905 1000 1054 1083 (Turseli.
1069 1001 1099 1064 ΙΙ
1123 1021 1152 1084 p.
1168 1000 1253 1084 592),

128 1101 239 1181 ,etiam
263 1101 289 1164 si
299 1101 316 1185 ',
338 1103 540 1165 consentiunt
563 1102 622 1165 viri
638 1101 723 1164 docti
737 1101 949 1184 Bothiumque
972 1103 1071 1167 secuti
1094 1103 1251 1168 scribunt:

438 1205 537 1267 Immo
560 1204 656 1268 etiam
680 1205 727 1268 sie
749 1225 810 1268 non
833 1205 929 1269 celas.

211 1305 306 1389 Apud
322 1306 505 1371 'Ferentium
530 1307 643 1387 ,etiam
660 1305 703 1369 si’
726 1307 849 1371 (luobus
871 1307 950 1370 loeis
965 1308 1072 1371 inveni
1095 1313 1250 1389 sequente

128 1408 302 1472 indicativo
326 1409 432 1487 semei,
455 1409 553 1473 semel
577 1415 729 1490 sequente
752 1409 961 1474 coniunctivo.

212 1511 362 1592 Sequitur
385 1511 589 1593 indicativum
620 1511 778 1576 sententia
807 1513 960 1594 primaria
984 1514 1166 1594 negativum
1190 1513 1250 1577 for-

127 1612 1249 1697 mmmmstmfflSfflmmemfflmmmmffl

126 1715 184 1779 hoc
208 1715 295 1798 mihi,
317 1716 409 1778 Nunc
431 1735 494 1779 non
517 1721 573 1781 est.

212 1819 363 1901 Sequitur
386 1819 618 1901 coniunctivus3
648 1819 826 1883 enuntiatio
849 1819 1040 1884 secundaria
1066 1820 1249 1901 negativum

127 1941 255 1985 sensum
280 1921 423 2002 praebet.
467 1921 524 1987 Ad.
542 1923 610 1983 851.
634 1927 730 2002 atque
753 1921 902 2002 equidem
926 1921 1023 1985 filium
1048 1924 1129 1984 Tum
1153 1922 1251 1986 etiam

127 2025 154 2087 si
176 2025 258 2087 nolit
280 2043 392 2106 cogam
417 2031 450 2087 111
473 2043 543 2087 cum
566 2024 623 2087 illa
645 2044 710 2088 una
733 2023 833 2088 cubet.

211 2127 403 2208 Temporum
428 2132 459 2190 et
482 2125 645 2189 modorum
669 2125 750 2190 ratio
773 2124 853 2189 haec
875 2132 937 2190 est:

212 2229 234 2292 Ι.
258 2228 294 2290 In
318 2235 453 2310 utraque
477 2233 568 2310 parte
591 2234 772 2292 indicativus
794 2227 924 2310 iegitur:

127 2328 159 2413 a)
180 2337 359 2408 proesentis
386 2330 419 2392 in
441 2329 605 2393 enuntiato
629 2328 833 2407 secundario,
856 2336 1008 2411 sequente
1030 2329 1063 2393 in
1086 2330 1252 2412 primario:
1287 2333 1293 2345 '

299 2438 353 2511 fat
376 2437 418 2495 I.:
447 2431 538 2514 Epid.
555 2434 616 2495 518
639 2452 708 2514 sqq.

128 2534 162 2617 b)
180 2541 497 2616 plusquamperfecti:

301 2658 419 2717 praes:
443 2637 519 2702 Hee.
535 2638 606 2701 648.

214 2738 252 2801 Π.
281 2740 317 2803 In
349 2747 483 2820 utroque
522 2739 662 2803 membro
693 2746 799 2803 exstat
830 2747 1038 2805 coniunctivae
1066 2748 1253 2820 proesentis:

303 2842 362 2908 Ad.
379 2844 448 2904 851.

215 2943 334 3008 Eodem
366 2963 460 3009 sensu
496 2943 620 3023 ,etiam’
652 2943 740 3026 apud
770 2944 918 3007 Plautum
951 2943 1151 3025 coniungitur
1181 2962 1252 3006 cum

129 3045 288 3128 particula
312 3048 435 3128 ,quom’
459 3054 609 3127 quattuor
623 3046 710 3123 locis,
733 3046 774 3111 de
797 3045 911 3127 quibus
928 3045 1001 3109 vide
1023 3044 1115 3109 infra.
1158 3043 1254 3128 Apud

130 3149 314 3214 Terentium
336 3150 446 3230 ,etiam
471 3147 581 3231 quom'
604 3149 786 3212 concessive
809 3155 963 3229 usurpata
987 3166 1049 3211 non
1073 3147 1190 3212 inveni.

214 3253 242 3314 A
265 3269 410 3315 sermone
435 3251 583 3314 Plautino
615 3258 647 3314 11
670 3250 863 3315 Terentiano
892 3249 1010 3313 absunt
1039 3250 1154 3331 ,etiam
1177 3248 1255 3332 ubi'‚

133 3355 250 3418 etiam’
270 3353 472 3417 coniunctum
486 3372 556 3416 cum
573 3354 760 3435 pronomine
776 3351 920 3430 relativo,
937 3351 1130 3432 quaeverba
1142 3351 1255 3417 eodem

130 3457 222 3520 modo
245 3456 394 3538 coniungi
410 3475 479 3519 cum
496 3455 654 3538 particula
672 3456 799 3535 ,otiam'
816 3454 973 3537 Handius,
988 3457 1079 3519 Ture.
1094 3454 1125 3518 Π
1148 3475 1177 3537 p.
1194 3456 1256 3517 569

129 3565 319 3640 auctorest,
350 3564 382 3623 et
411 3558 451 3622 de
482 3578 614 3639 quorum
647 3578 705 3621 usu
738 3557 823 3641 apud
846 3558 881 3620 L.
904 3559 1073 3622 Annaeum
1097 3557 1255 3622 Senecam

130 3656 355 3743 philosophum
386 3662 452 3743 egit
482 3658 677 3741 Naeglerus,
711 3659 751 3724 de
781 3665 862 3742 part.
896 3678 981 3723 conc.
1011 3665 1044 3724 11
1073 3659 1256 3741 interrogat.

130 3764 308 3843 pdqu

217 3862 265 3927 De
288 3865 399 3941 ,etiam
422 3863 497 3928 etsi'
520 3864 594 3929 vide
617 3863 708 3927 infre.

218 3963 346 4029 Omissa
370 3965 590 4031 coniunctione
612 3964 669 4046 ,si’
693 3985 763 4029 cum
788 3964 921 4045 verb01)
944 3963 1081 4028 adicitur
1103 3964 1256 4029 adverbio

219 4181 656 4251 qmfflmeflpfflu
