2896 4680
1250 235 1287 294 41

254 402 291 465 ln
313 401 469 484 exemplis
492 401 601 468 allatis
623 400 788 466 sententia
806 400 961 484 primaria
983 399 1208 467 affirmativam
1232 402 1291 466 for-

168 525 255 568 mam
279 504 389 586 habet,
418 504 578 570 sententia
606 504 798 571 secundaria
822 504 1007 586 negativam
1032 503 1080 568 his
1102 505 1178 568 solis
1201 504 1292 569 locis:

168 608 264 674 Poen.
289 608 358 671 858.
403 606 495 672 Curc.
517 610 589 672 465.
633 607 711 671 Oist.
734 607 772 673 Π.
796 610 824 691 3,
848 609 897 672 83.
918 644 961 652 -

254 711 448 792 Negativum
471 717 521 775 est
543 711 742 776 enuntiatum
765 710 944 794 principale
967 711 1130 776 hocloco:

169 812 267 878 Stich.
291 815 360 877 720.
405 832 599 894 quamquam
622 818 775 896 gravatus
797 813 894 895 fuisti,
917 834 979 877 non
1002 813 1110 878 nocuit
1133 819 1250 880 tamen.

253 918 383 981 Inversa
406 916 527 981 ordine.
572 919 667 982 Poen.
691 919 759 980 536.
779 914 782 918 ’
806 916 870 981 Sed
893 923 1000 981 tamen
1024 936 1119 998 quom
1136 936 1174 980 eo
1197 937 1290 998 quom

167 1019 296 1103 quiqui,
327 1039 522 1101 quamquam
547 1040 655 1084 sumus
683 1020 883 1103 pauperculi,
914 1020 972 1083 Est
1002 1018 1087 1082 dorni
1119 1020 1204 1101 qnod
1227 1019 1292 1083 edi·

169 1142 247 1187 mus.
276 1161 318 1169 —
352 1121 457 1187 Verba
480 1142 588 1204 ,quom
620 1141 657 1187 eo
689 1142 783 1204 quom
815 1121 939 1205 quiqui'
963 1122 1018 1206 (B)
1042 1122 1092 1185 vel
1115 1141 1191 1204 ,quo
1222 1142 1292 1187 mco

171 1244 238 1289 cum
262 1225 312 1288 cui
336 1245 433 1307 quam
456 1232 567 1307 quam’
591 1224 675 1308 (cb)
699 1245 794 1290 sensu
818 1218 947 1309 prorsus
969 1230 1080 1290 carent
1102 1245 1160 1289 nec
1180 1223 1293 1304 adbuc,

169 1328 317 1409 quamvis
340 1327 429 1391 multi
453 1327 486 1391 in
507 1328 652 1392 sanando
668 1327 813 1392 hocloco
830 1329 947 1392 versati
964 1327 1035 1410 sint,
1057 1325 1109 1412 (cf.
1125 1326 1291 1392 Gootaium

168 1429 332 1495 Loewium
357 1429 398 1494 ad
422 1429 450 1494 h.
474 1428 506 1515 l.)
530 1432 610 1494 satis
633 1430 840 1513 probabiliter
862 1429 1036 1494 emendata
1060 1434 1140 1493 suut.

252 1533 285 1618 b)
316 1555 417 1598 oerum
449 1545 555 1599 lancea.
615 1534 746 1598 inverso
778 1532 897 1597 ordine.
946 1534 1032 1597 Pers.
1064 1535 1133 1596 345.
1181 1551 1291 1595 verum

168 1643 285 1717 tamen,
301 1635 504 1718 Quamquam
521 1656 572 1701 res
588 1642 716 1700 nostrae
732 1643 805 1699 sunt
820 1643 912 1719 pater
927 1633 1154 1719 pauperculae,
1169 1634 1292 1697 Modice

166 1744 198 1803 et
221 1737 363 1803 modeste
386 1739 634 1802 meliust—vitam
659 1739 776 1803 vivere.
797 1777 838 1783 -
861 1738 898 1801 ln
921 1737 970 1801 bis
993 1736 1116 1801 duobus
1137 1735 1292 1820 exemplis

115 1852 118 1857 '
166 1846 301 1922 utraque
323 1841 501 1905 enuntiatio
525 1840 718 1905 affirmativa
741 1850 796 1906 est.
820 1878 862 1887 —

252 1944 324 2007 Non
355 1951 440 2008 recto
464 1943 589 2008 videtur
612 1945 707 2010 scribi
730 1944 954 2027 ,quamquam’
978 1943 1019 2007 ab
1048 1941 1198 2023 Ussingio
1221 1941 1292 2004 Aul.

169 2049 236 2109 102.
259 2083 301 2091 —
330 2045 419 2110 codd.
449 2046 616 2129 praebent:
651 2048 733 2111 Nam
766 2048 808 2111 ad
838 2047 930 2112 aedis
960 2053 1087 2110 nostras
1118 2063 1291 2125 numquam

166 2148 245 2212 adiit
275 2159 406 2230 quaqua
445 2169 544 2233 prope
577 2149 709 2214 DEJFZ
740 2161 872 2232 quaqua
910 2169 1009 2234 prope
1039 2148 1114 2213 ess.
1157 2147 1226 2210 Iam
1259 2145 1292 2208 in

165 2251 373 2335 explananda
404 2251 523 2317 codicis
547 2252 572 2315 B
596 2253 733 2317 lectione
764 2253 852 2317 varie
882 2252 1003 2318 versati
1026 2258 1099 2315 sunt
1122 2249 1183 2312 viri
1206 2248 1291 2312 docti

165 2350 373 2437 (Lambinus,
403 2355 582 2436 Lomanus,
612 2355 800 2438 Seyffertus,
829 2355 1028 2438 Ussingius),
1052 2353 1107 2417 sed
1132 2349 1291 2434 quomodo

166 2456 266 2520 teneri
296 2456 397 2539 possit
426 2456 505 2521 illud
535 2477 745 2540 ,quamquam
776 2479 875 2543 propo
905 2457 966 2523 est'
995 2476 1053 2540 ego
1077 2454 1206 2537 quidem
1228 2471 1292 2515 non

165 2557 267 2623 video.
322 2557 428 2635 Quare
469 2560 626 2643 astipulor
660 2561 835 2643 Wagnero,
873 2561 928 2642 qui
967 2561 1000 2624 in
1035 2559 1174 2624 editione
1209 2556 1238 2619 h.
1270 2553 1293 2630 t,

165 2658 364 2744 (Cantabrig.
391 2661 484 2737 1866)
514 2663 670 2746 Pyladem
694 2670 822 2727 secutus
846 2662 972 2746 scripsit
1002 2681 1189 2745 ,numquam
1212 2662 1292 2725 adiit

169 2780 329 2843 quaquam
354 2765 476 2848 propo',
506 2785 590 2846 quae
613 2767 771 2849 scriptura
795 2773 826 2830 et
849 2766 980 2847 reliquis
1003 2772 1130 2849 praeter
1153 2767 1178 2829 B
1202 2765 1293 2829 libris

168 2866 381 2930 commendari
406 2867 531 2932 videtur
553 2874 585 2933 et
600 2888 620 2932 a
637 2868 822 2932 camerario
839 2887 879 2932 ex
895 2868 1068 2950 ,veteribus
1084 2868 1290 2932 editionibns'

167 2978 441 3036 commemoratur.

255 3070 334 3136 Cum
358 3073 520 3155 Wagnero
549 3075 627 3139 facit
656 3074 751 3139 etiarn
777 3074 936 3139 Goetzius.
990 3075 1059 3140 lam
1083 3074 1185 3139 scribo
1210 3074 1292 3138 hunc

162 3194 290 3264 versum
315 3193 384 3239 cum
410 3176 584 3258 Wagner-o:

203 3277 289 3341 Nam
313 3277 356 3341 ad
379 3278 471 3342 aedis
495 3288 620 3343 nostras
644 3283 818 3361 numquam
843 3279 923 3344 adiit
946 3299 1108 3362 quaquam
1132 3300 1241 3364 prope.

251 3379 335 3443 Nam
361 3381 445 3461 quod
469 3401 525 3463 pro
549 3381 654 3461 ,adiit’
678 3381 772 3462 ,adit'
797 3403 836 3447 ex
859 3383 1037 3464 Langianis
1060 3382 1193 3446 Rotbius
1216 3383 1289 3446 scri·

164 3481 303 3546 bendum
327 3503 398 3548 osse
421 3484 521 3566 duxit,
544 3485 695 3549 Goetzius
718 3505 775 3567 pro
800 3484 1001 3566 ,numquam'
1024 3484 1057 3548 in
1080 3491 1171 3550 textu
1185 3486 1291 3568 posuit

162 3596 358 3670 ,nusquam’,
380 3607 460 3672 opus
482 3607 552 3652 esso
576 3588 626 3651 his
649 3587 928 3652 emendationibus
950 3609 1012 3651 non
1036 3587 1192 3654 existimo.

249 3687 345 3771 Apud
361 3691 544 3755 Terentium
569 3689 726 3773 particula
749 3709 944 3771 quamquam
968 3691 1096 3755 notione
1118 3689 1290 3773 ,obglcicb'

163 3785 212 3853 his
234 3798 384 3871 quattuor
407 3792 484 3857 locis
507 3799 620 3859 exstat.

250 3897 277 3960 l.
300 3895 484 3960 Praemisso
500 3897 719 3961 enuntiatione
741 3896 940 3963 secundaria.
962 3934 1004 3941 —
1027 3898 1191 3962 Sententia
1208 3896 1291 3980 prin-

163 3994 278 4079 cipalis
309 4000 495 4080 negativam
530 3999 662 4064 formam
700 4001 846 4082 praebet:
891 4000 950 4064 lld.
977 4004 1044 4066 159.
1089 3998 1290 4080 Quamquam

161 4106 209 4163 est
249 4102 421 4184 scelestus,
460 4122 522 4165 non
562 4103 736 4166 committet
778 4101 873 4167 bodie
912 4121 1064 4184 umquam
1104 4104 1217 4166 iterum
1257 4109 1292 4165 ut

161 4202 305 4286 vapulet.
326 4239 368 4249 —
