<?xml version="1.0" encoding="UTF-8"?>
<!DOCTYPE html PUBLIC "-//W3C//DTD XHTML 1.0 Transitional//EN"
    "http://www.w3.org/TR/xhtml1/DTD/xhtml1-transitional.dtd">
<html xmlns="http://www.w3.org/1999/xhtml" xml:lang="en" lang="en">
 <head>
  <title>
</title>
<meta http-equiv="Content-Type" content="text/html;charset=utf-8" />
  <meta name='ocr-system' content='tesseract 3.04.00' />
  <meta name='ocr-capabilities' content='ocr_page ocr_carea ocr_par ocr_line ocrx_word'/>
</head>
<body>
  <div class='ocr_page' id='page_1' title='image "./deenuntiatiscon00kriegoog_0051.png"; bbox 0 0 2896 4680; ppageno 0'>
   <div class='ocr_carea' id='block_1_1' title="bbox 164 153 205 266">
    <p class='ocr_par' dir='ltr' id='par_1_1' title="bbox 164 153 205 266">
     <span class='ocr_line' id='line_1_1' title="bbox 164 153 205 266; baseline 0.049 -2"><span class='ocrx_word' id='word_1_1' title='bbox 164 153 205 266; x_wconf 72' lang='lat' dir='ltr'>a</span> 
     </span>
    </p>
   </div>
   <div class='ocr_carea' id='block_1_2' title="bbox 162 371 1303 1380">
    <p class='ocr_par' dir='ltr' id='par_1_2' title="bbox 163 371 1291 765">
     <span class='ocr_line' id='line_1_2' title="bbox 166 371 1288 458; baseline 0.002 -22"><span class='ocrx_word' id='word_1_2' title='bbox 166 376 222 436; x_wconf 84' lang='lat' dir='ltr'>est.</span> <span class='ocrx_word' id='word_1_3' title='bbox 244 410 286 416; x_wconf 91' lang='lat'>—</span> <span class='ocrx_word' id='word_1_4' title='bbox 308 376 336 436; x_wconf 80' lang='lat'>2.</span> <span class='ocrx_word' id='word_1_5' title='bbox 360 391 430 436; x_wconf 90' lang='lat' dir='ltr'>curn</span> <span class='ocrx_word' id='word_1_6' title='bbox 453 371 622 436; x_wconf 88' lang='lat' dir='ltr'>adieetivo.</span> <span class='ocrx_word' id='word_1_7' title='bbox 657 371 742 436; x_wconf 85' lang='lat' dir='ltr'>Trin.</span> <span class='ocrx_word' id='word_1_8' title='bbox 759 377 829 438; x_wconf 81' lang='lat'><strong>554.</strong></span> <span class='ocrx_word' id='word_1_9' title='bbox 864 373 1018 450; x_wconf 81' lang='lat' dir='ltr'>Quamvis</span> <span class='ocrx_word' id='word_1_10' title='bbox 1029 373 1054 458; x_wconf 76' lang='lat'>¹)</span> <span class='ocrx_word' id='word_1_11' title='bbox 1078 375 1196 438; x_wconf 89' lang='lat' dir='ltr'>malam</span> <span class='ocrx_word' id='word_1_12' title='bbox 1220 394 1288 440; x_wconf 90' lang='lat' dir='ltr'>rem</span> 
     </span>
     <span class='ocr_line' id='line_1_3' title="bbox 166 474 1289 561; baseline 0.004 -25"><span class='ocrx_word' id='word_1_13' title='bbox 166 494 313 558; x_wconf 81' lang='lat' dir='ltr'>quaeras,</span> <span class='ocrx_word' id='word_1_14' title='bbox 344 474 409 538; x_wconf 94' lang='lat' dir='ltr'>illic</span> <span class='ocrx_word' id='word_1_15' title='bbox 432 474 581 558; x_wconf 79' lang='lat' dir='ltr'><strong>reperias,</strong></span> <span class='ocrx_word' id='word_1_16' title='bbox 611 512 652 519; x_wconf 89' lang='lat'>—</span> <span class='ocrx_word' id='word_1_17' title='bbox 683 475 770 538; x_wconf 92' lang='lat' dir='ltr'>Libri</span> <span class='ocrx_word' id='word_1_18' title='bbox 801 495 871 539; x_wconf 87' lang='lat' dir='ltr'>curu</span> <span class='ocrx_word' id='word_1_19' title='bbox 895 478 923 540; x_wconf 88' lang='grc' dir='ltr'><strong>Α</strong></span> <span class='ocrx_word' id='word_1_20' title='bbox 945 476 1100 559; x_wconf 82' lang='lat' dir='ltr'>praebent</span> <span class='ocrx_word' id='word_1_21' title='bbox 1122 477 1289 561; x_wconf 89' lang='lat' dir='ltr'>,quaeras’</span> 
     </span>
     <span class='ocr_line' id='line_1_4' title="bbox 164 577 1291 662; baseline 0.003 -22"><span class='ocrx_word' id='word_1_22' title='bbox 164 585 291 661; x_wconf 87' lang='lat' dir='ltr'>praeter</span> <span class='ocrx_word' id='word_1_23' title='bbox 321 577 389 640; x_wconf 86' lang='lat' dir='ltr'>cod.</span> <span class='ocrx_word' id='word_1_24' title='bbox 412 578 455 659; x_wconf 92' lang='lat' dir='ltr'>B,</span> <span class='ocrx_word' id='word_1_25' title='bbox 493 577 546 658; x_wconf 92' lang='lat' dir='ltr'>qui</span> <span class='ocrx_word' id='word_1_26' title='bbox 578 579 769 658; x_wconf 83' lang='lat' dir='ltr'>‚quaerens’</span> <span class='ocrx_word' id='word_1_27' title='bbox 804 579 908 642; x_wconf 91' lang='lat' dir='ltr'>babet.</span> <span class='ocrx_word' id='word_1_28' title='bbox 953 579 1022 643; x_wconf 92' lang='lat' dir='ltr'>Hoc</span> <span class='ocrx_word' id='word_1_29' title='bbox 1053 599 1124 643; x_wconf 92' lang='lat' dir='ltr'>cum</span> <span class='ocrx_word' id='word_1_30' title='bbox 1154 580 1291 662; x_wconf 89' lang='lat' dir='ltr'>vulgata</span> 
     </span>
     <span class='ocr_line' id='line_1_5' title="bbox 163 680 1216 765; baseline 0.002 -21"><span class='ocrx_word' id='word_1_31' title='bbox 163 681 303 745; x_wconf 86' lang='lat' dir='ltr'>Weisius</span> <span class='ocrx_word' id='word_1_32' title='bbox 326 681 358 742; x_wconf 93' lang='lat' dir='ltr'>in</span> <span class='ocrx_word' id='word_1_33' title='bbox 381 685 471 743; x_wconf 83' lang='lat' dir='ltr'>textu</span> <span class='ocrx_word' id='word_1_34' title='bbox 494 680 609 763; x_wconf 89' lang='lat' dir='ltr'>posuit,</span> <span class='ocrx_word' id='word_1_35' title='bbox 632 699 766 761; x_wconf 90' lang='lat' dir='ltr'>quocum</span> <span class='ocrx_word' id='word_1_36' title='bbox 791 682 969 747; x_wconf 84' lang='lat' dir='ltr'>consentire</span> <span class='ocrx_word' id='word_1_37' title='bbox 992 703 1053 745; x_wconf 93' lang='lat' dir='ltr'>non</span> <span class='ocrx_word' id='word_1_38' title='bbox 1078 703 1216 765; x_wconf 89' lang='lat' dir='ltr'>possum.</span> 
     </span>
    </p>

    <p class='ocr_par' dir='ltr' id='par_1_3' title="bbox 164 783 1290 1071">
     <span class='ocr_line' id='line_1_6' title="bbox 250 783 1290 867; baseline 0.001 -20"><span class='ocrx_word' id='word_1_39' title='bbox 250 783 478 847; x_wconf 82' lang='lat' dir='ltr'>Coniunctivus</span> <span class='ocrx_word' id='word_1_40' title='bbox 514 783 546 846; x_wconf 94' lang='lat' dir='ltr'>in</span> <span class='ocrx_word' id='word_1_41' title='bbox 584 789 717 865; x_wconf 90' lang='lat' dir='ltr'>utroque</span> <span class='ocrx_word' id='word_1_42' title='bbox 754 784 901 866; x_wconf 83' lang='lat' dir='ltr'>exemplo</span> <span class='ocrx_word' id='word_1_43' title='bbox 940 790 987 848; x_wconf 91' lang='lat' dir='ltr'>est</span> <span class='ocrx_word' id='word_1_44' title='bbox 1023 786 1219 867; x_wconf 86' lang='lat' dir='ltr'>praesentis,</span> <span class='ocrx_word' id='word_1_45' title='bbox 1255 785 1290 848; x_wconf 92' lang='lat' dir='ltr'>in</span> 
     </span>
     <span class='ocr_line' id='line_1_7' title="bbox 164 885 1290 970; baseline 0 -20"><span class='ocrx_word' id='word_1_46' title='bbox 164 887 328 951; x_wconf 91' lang='lat' dir='ltr'>enuntiato</span> <span class='ocrx_word' id='word_1_47' title='bbox 362 886 515 968; x_wconf 90' lang='lat' dir='ltr'>primario</span> <span class='ocrx_word' id='word_1_48' title='bbox 555 886 697 966; x_wconf 89' lang='lat' dir='ltr'>sequitur</span> <span class='ocrx_word' id='word_1_49' title='bbox 726 885 920 952; x_wconf 80' lang='lat' dir='ltr'>indicativus</span> <span class='ocrx_word' id='word_1_50' title='bbox 949 906 1070 970; x_wconf 84' lang='lat' dir='ltr'>praes:</span> <span class='ocrx_word' id='word_1_51' title='bbox 1101 886 1215 951; x_wconf 90' lang='lat' dir='ltr'>Bacch.</span> <span class='ocrx_word' id='word_1_52' title='bbox 1239 889 1290 953; x_wconf 83' lang='lat'>82.</span> 
     </span>
     <span class='ocr_line' id='line_1_8' title="bbox 165 989 720 1071; baseline -0.007 -17"><span class='ocrx_word' id='word_1_53' title='bbox 165 989 383 1054; x_wconf 90' lang='lat' dir='ltr'>coniunctivus</span> <span class='ocrx_word' id='word_1_54' title='bbox 405 1007 523 1071; x_wconf 84' lang='lat' dir='ltr'>praes:</span> <span class='ocrx_word' id='word_1_55' title='bbox 547 989 633 1052; x_wconf 86' lang='lat' dir='ltr'>lrin</span> <span class='ocrx_word' id='word_1_56' title='bbox 650 993 720 1053; x_wconf 77' lang='lat'>554.</span> 
     </span>
    </p>

    <p class='ocr_par' dir='ltr' id='par_1_4' title="bbox 162 1040 1303 1380">
     <span class='ocr_line' id='line_1_9' title="bbox 249 1040 1295 1176; baseline 0.002 -21"><span class='ocrx_word' id='word_1_57' title='bbox 249 1092 328 1155; x_wconf 88' lang='lat' dir='ltr'>Tum</span> <span class='ocrx_word' id='word_1_58' title='bbox 353 1090 437 1170; x_wconf 92' lang='lat' dir='ltr'>inde,</span> <span class='ocrx_word' id='word_1_59' title='bbox 460 1091 575 1172; x_wconf 93' lang='lat' dir='ltr'>quod</span> <span class='ocrx_word' id='word_1_60' title='bbox 567 1111 599 1154; x_wconf 93' lang='lat' dir='ltr'>m</span> <span class='ocrx_word' id='word_1_61' title='bbox 623 1098 757 1174; x_wconf 90' lang='lat' dir='ltr'>utroque</span> <span class='ocrx_word' id='word_1_62' title='bbox 780 1093 926 1176; x_wconf 83' lang='lat' dir='ltr'>exemplo</span> <span class='ocrx_word' id='word_1_63' title='bbox 951 1093 1028 1158; x_wconf 91' lang='lat' dir='ltr'>coni.</span> <span class='ocrx_word' id='word_1_64' title='bbox 1052 1094 1131 1175; x_wconf 84' lang='lat' dir='ltr'>sing.</span> <span class='ocrx_word' id='word_1_65' title='bbox 1154 1112 1234 1176; x_wconf 87' lang='lat' dir='ltr'>pers.</span> <span class='ocrx_word' id='word_1_66' title='bbox 1247 1040 1295 1157; x_wconf 68' lang='grc' dir='ltr'>ΙΙ.4</span> 
     </span>
     <span class='ocr_line' id='line_1_10' title="bbox 163 1193 1291 1289; baseline 0.002 -31"><span class='ocrx_word' id='word_1_67' title='bbox 163 1195 291 1277; x_wconf 89' lang='lat' dir='ltr'>legitur,</span> <span class='ocrx_word' id='word_1_68' title='bbox 322 1201 473 1277; x_wconf 90' lang='lat' dir='ltr'>appart,e</span> <span class='ocrx_word' id='word_1_69' title='bbox 446 1193 608 1257; x_wconf 90' lang='lat' dir='ltr'>ttPlaui</span> <span class='ocrx_word' id='word_1_70' title='bbox 584 1196 834 1278; x_wconf 86' lang='lat' dir='ltr'>ttemporibus</span> <span class='ocrx_word' id='word_1_71' title='bbox 857 1195 1030 1289; x_wconf 77' lang='lat' dir='ltr'>etiamtunc</span> <span class='ocrx_word' id='word_1_72' title='bbox 1056 1215 1152 1260; x_wconf 88' lang='lat' dir='ltr'>sensu</span> <span class='ocrx_word' id='word_1_73' title='bbox 1181 1214 1291 1279; x_wconf 87' lang='lat' dir='ltr'>perce-</span> 
     </span>
     <span class='ocr_line' id='line_1_11' title="bbox 162 1284 1303 1380; baseline 0.001 -20"><span class='ocrx_word' id='word_1_74' title='bbox 162 1299 248 1380; x_wconf 90' lang='lat' dir='ltr'>pisse</span> <span class='ocrx_word' id='word_1_75' title='bbox 272 1298 433 1360; x_wconf 84' lang='lat' dir='ltr'>Romanos</span> <span class='ocrx_word' id='word_1_76' title='bbox 456 1296 633 1378; x_wconf 88' lang='lat' dir='ltr'>particulae</span> <span class='ocrx_word' id='word_1_77' title='bbox 655 1317 750 1378; x_wconf 88' lang='lat' dir='ltr'>quam</span> <span class='ocrx_word' id='word_1_78' title='bbox 774 1334 817 1343; x_wconf 98' lang='lat'><strong>—</strong></span> <span class='ocrx_word' id='word_1_79' title='bbox 839 1284 888 1360; x_wconf 87' lang='lat' dir='ltr'>vis</span> <span class='ocrx_word' id='word_1_80' title='bbox 910 1299 1055 1380; x_wconf 57' lang='lat' dir='ltr'>partesfl)</span> <span class='ocrx_word' id='word_1_81' title='bbox 1100 1297 1206 1374; x_wconf 80' lang='lat' dir='ltr'>Quare</span> <span class='ocrx_word' id='word_1_82' title='bbox 1229 1299 1303 1363; x_wconf 56' lang='lat' dir='ltr'>for&gt;</span> 
     </span>
    </p>
   </div>
   <div class='ocr_carea' id='block_1_3' title="bbox 65 1399 1289 1482">
    <p class='ocr_par' dir='ltr' id='par_1_5' title="bbox 65 1399 1289 1482">
     <span class='ocr_line' id='line_1_12' title="bbox 65 1399 1289 1482; baseline 0 -19"><span class='ocrx_word' id='word_1_83' title='bbox 65 1476 67 1479; x_wconf 12' lang='lat' dir='ltr'>v</span> <span class='ocrx_word' id='word_1_84' title='bbox 162 1406 247 1464; x_wconf 89' lang='lat' dir='ltr'>tasse</span> <span class='ocrx_word' id='word_1_85' title='bbox 277 1402 394 1464; x_wconf 88' lang='lat' dir='ltr'>rectius</span> <span class='ocrx_word' id='word_1_86' title='bbox 424 1401 456 1462; x_wconf 92' lang='lat' dir='ltr'>in</span> <span class='ocrx_word' id='word_1_87' title='bbox 480 1400 586 1463; x_wconf 92' lang='lat' dir='ltr'>Plauti</span> <span class='ocrx_word' id='word_1_88' title='bbox 618 1399 736 1463; x_wconf 91' lang='lat' dir='ltr'>fabulis</span> <span class='ocrx_word' id='word_1_89' title='bbox 766 1401 892 1464; x_wconf 81' lang='lat' dir='ltr'>divisim</span> <span class='ocrx_word' id='word_1_90' title='bbox 917 1400 1063 1464; x_wconf 77' lang='lat' dir='ltr'>scribitur</span> <span class='ocrx_word' id='word_1_91' title='bbox 1084 1420 1198 1482; x_wconf 90' lang='lat' dir='ltr'>,quam</span> <span class='ocrx_word' id='word_1_92' title='bbox 1222 1401 1289 1464; x_wconf 87' lang='lat' dir='ltr'>vis&#39;</span> 
     </span>
    </p>
   </div>
   <div class='ocr_carea' id='block_1_4' title="bbox 162 1502 1289 2408">
    <p class='ocr_par' dir='ltr' id='par_1_6' title="bbox 162 1502 1289 1790">
     <span class='ocr_line' id='line_1_13' title="bbox 162 1502 1288 1588; baseline 0.002 -22"><span class='ocrx_word' id='word_1_93' title='bbox 162 1503 253 1566; x_wconf 90' lang='lat' dir='ltr'>-cf.</span> <span class='ocrx_word' id='word_1_94' title='bbox 269 1503 344 1566; x_wconf 88' lang='lat' dir='ltr'>Leo.</span> <span class='ocrx_word' id='word_1_95' title='bbox 368 1502 385 1567; x_wconf 91' lang='lat' dir='ltr'>l.</span> <span class='ocrx_word' id='word_1_96' title='bbox 403 1521 427 1567; x_wconf 86' lang='lat' dir='ltr'>c.</span> <span class='ocrx_word' id='word_1_97' title='bbox 449 1540 492 1547; x_wconf 91' lang='lat'><em>-</em></span> <span class='ocrx_word' id='word_1_98' title='bbox 513 1502 701 1586; x_wconf 88' lang='lat' dir='ltr'>praesertim</span> <span class='ocrx_word' id='word_1_99' title='bbox 725 1523 796 1568; x_wconf 91' lang='lat' dir='ltr'>cum</span> <span class='ocrx_word' id='word_1_100' title='bbox 813 1504 905 1568; x_wconf 90' lang='lat' dir='ltr'>Merc.</span> <span class='ocrx_word' id='word_1_101' title='bbox 923 1506 999 1585; x_wconf 78' lang='lat'>7263</span> <span class='ocrx_word' id='word_1_102' title='bbox 1023 1503 1150 1567; x_wconf 85' lang='grc' dir='ltr'>687Βο</span> <span class='ocrx_word' id='word_1_103' title='bbox 1173 1523 1288 1588; x_wconf 91' lang='lat' dir='ltr'>,quam</span> 
     </span>
     <span class='ocr_line' id='line_1_14' title="bbox 162 1598 1289 1689; baseline 0.001 -21"><span class='ocrx_word' id='word_1_104' title='bbox 162 1604 227 1669; x_wconf 89' lang='lat' dir='ltr'>vis&#39;</span> <span class='ocrx_word' id='word_1_105' title='bbox 257 1625 320 1667; x_wconf 93' lang='lat' dir='ltr'>non</span> <span class='ocrx_word' id='word_1_106' title='bbox 342 1598 390 1685; x_wconf 65' lang='grc' dir='ltr'>ὑφ</span> <span class='ocrx_word' id='word_1_107' title='bbox 415 1602 451 1668; x_wconf 75' lang='grc' dir='ltr'>ἓν</span> <span class='ocrx_word' id='word_1_108' title='bbox 483 1604 632 1689; x_wconf 87' lang='lat' dir='ltr'>scriptum</span> <span class='ocrx_word' id='word_1_109' title='bbox 657 1605 839 1689; x_wconf 84' lang='lat' dir='ltr'>exhibeant,</span> <span class='ocrx_word' id='word_1_110' title='bbox 871 1605 968 1670; x_wconf 86' lang='lat' dir='ltr'>Stich.</span> <span class='ocrx_word' id='word_1_111' title='bbox 986 1606 1047 1668; x_wconf 83' lang='lat'>719</span> <span class='ocrx_word' id='word_1_112' title='bbox 1074 1606 1104 1668; x_wconf 90' lang='lat' dir='ltr'>in</span> <span class='ocrx_word' id='word_1_113' title='bbox 1129 1605 1219 1669; x_wconf 89' lang='lat' dir='ltr'>codd.</span> <span class='ocrx_word' id='word_1_114' title='bbox 1235 1605 1289 1669; x_wconf 81' lang='lat' dir='ltr'>Bo</span> 
     </span>
     <span class='ocr_line' id='line_1_15' title="bbox 163 1706 1073 1790; baseline 0.004 -21"><span class='ocrx_word' id='word_1_115' title='bbox 163 1727 276 1789; x_wconf 88' lang='lat' dir='ltr'>,quam</span> <span class='ocrx_word' id='word_1_116' title='bbox 301 1707 374 1771; x_wconf 89' lang='lat' dir='ltr'>vide</span> <span class='ocrx_word' id='word_1_117' title='bbox 396 1706 515 1771; x_wconf 90' lang='lat' dir='ltr'>subito’</span> <span class='ocrx_word' id='word_1_118' title='bbox 539 1727 596 1790; x_wconf 90' lang='lat' dir='ltr'>pro</span> <span class='ocrx_word' id='word_1_119' title='bbox 620 1707 768 1789; x_wconf 90' lang='lat' dir='ltr'>quamvis</span> <span class='ocrx_word' id='word_1_120' title='bbox 791 1708 937 1773; x_wconf 85' lang='lat' dir='ltr'>desubito</span> <span class='ocrx_word' id='word_1_121' title='bbox 961 1713 1073 1773; x_wconf 83' lang='lat' dir='ltr'>exstet.</span> 
     </span>
    </p>

    <p class='ocr_par' dir='ltr' id='par_1_7' title="bbox 162 1810 1289 2079">
     <span class='ocr_line' id='line_1_16' title="bbox 251 1810 1289 1894; baseline 0.001 -21"><span class='ocrx_word' id='word_1_122' title='bbox 251 1810 345 1893; x_wconf 85' lang='lat' dir='ltr'>Apud</span> <span class='ocrx_word' id='word_1_123' title='bbox 363 1811 548 1874; x_wconf 87' lang='lat' dir='ltr'>Terentium</span> <span class='ocrx_word' id='word_1_124' title='bbox 573 1811 672 1875; x_wconf 90' lang='lat' dir='ltr'>semel</span> <span class='ocrx_word' id='word_1_125' title='bbox 695 1810 728 1874; x_wconf 94' lang='lat' dir='ltr'>iu</span> <span class='ocrx_word' id='word_1_126' title='bbox 745 1810 834 1874; x_wconf 93' lang='lat' dir='ltr'>libris</span> <span class='ocrx_word' id='word_1_127' title='bbox 849 1811 966 1892; x_wconf 88' lang='lat' dir='ltr'>legitur</span> <span class='ocrx_word' id='word_1_128' title='bbox 981 1811 1139 1894; x_wconf 92' lang='lat' dir='ltr'>particula</span> <span class='ocrx_word' id='word_1_129' title='bbox 1162 1830 1289 1893; x_wconf 89' lang='lat' dir='ltr'>,quam-</span> 
     </span>
     <span class='ocr_line' id='line_1_17' title="bbox 162 1910 1287 1994; baseline -0.001 -18"><span class='ocrx_word' id='word_1_130' title='bbox 162 1910 240 1976; x_wconf 87' lang='lat' dir='ltr'>vis&#39;:</span> <span class='ocrx_word' id='word_1_131' title='bbox 274 1913 332 1977; x_wconf 91' lang='lat' dir='ltr'>Ad.</span> <span class='ocrx_word' id='word_1_132' title='bbox 356 1914 426 1977; x_wconf 79' lang='lat'><strong>279.</strong></span> <span class='ocrx_word' id='word_1_133' title='bbox 479 1912 528 1976; x_wconf 90' lang='lat' dir='ltr'>Ne</span> <span class='ocrx_word' id='word_1_134' title='bbox 560 1918 624 1975; x_wconf 93' lang='lat' dir='ltr'>tam</span> <span class='ocrx_word' id='word_1_135' title='bbox 660 1912 804 1994; x_wconf 90' lang='lat' dir='ltr'>quidem:</span> <span class='ocrx_word' id='word_1_136' title='bbox 845 1912 1002 1988; x_wconf 76' lang='lat' dir='ltr'>Quamvis</span> <span class='ocrx_word' id='word_1_137' title='bbox 1038 1913 1134 1977; x_wconf 92' lang='lat' dir='ltr'>etiam</span> <span class='ocrx_word' id='word_1_138' title='bbox 1170 1931 1287 1976; x_wconf 92' lang='lat' dir='ltr'>maneo</span> 
     </span>
     <span class='ocr_line' id='line_1_18' title="bbox 163 2014 1072 2079; baseline 0.001 -1"><span class='ocrx_word' id='word_1_139' title='bbox 163 2016 284 2078; x_wconf 88' lang='lat' dir='ltr'>otiosus</span> <span class='ocrx_word' id='word_1_140' title='bbox 307 2014 367 2079; x_wconf 89' lang='lat' dir='ltr'>bic.</span> <span class='ocrx_word' id='word_1_141' title='bbox 389 2053 431 2060; x_wconf 92' lang='lat'><em>-</em></span> <span class='ocrx_word' id='word_1_142' title='bbox 1063 2022 1072 2045; x_wconf 80' lang='lat'><strong><em>¹</em></strong></span> 
     </span>
    </p>

    <p class='ocr_par' dir='ltr' id='par_1_8' title="bbox 162 2117 1289 2303">
     <span class='ocr_line' id='line_1_19' title="bbox 248 2117 1289 2199; baseline 0.001 -18"><span class='ocrx_word' id='word_1_143' title='bbox 248 2117 301 2182; x_wconf 88' lang='lat' dir='ltr'>Sic</span> <span class='ocrx_word' id='word_1_144' title='bbox 323 2117 535 2182; x_wconf 88' lang='lat' dir='ltr'>codices-nisi</span> <span class='ocrx_word' id='word_1_145' title='bbox 558 2117 643 2199; x_wconf 92' lang='lat' dir='ltr'>quod</span> <span class='ocrx_word' id='word_1_146' title='bbox 666 2118 777 2182; x_wconf 83' lang='lat' dir='ltr'>codA</span> <span class='ocrx_word' id='word_1_147' title='bbox 802 2117 931 2183; x_wconf 86' lang='lat' dir='ltr'>exbibet</span> <span class='ocrx_word' id='word_1_148' title='bbox 954 2137 1084 2199; x_wconf 91' lang='lat' dir='ltr'>,maneo</span> <span class='ocrx_word' id='word_1_149' title='bbox 1108 2117 1220 2182; x_wconf 88' lang='lat' dir='ltr'>etiam’</span> <span class='ocrx_word' id='word_1_150' title='bbox 1244 2156 1289 2164; x_wconf 83' lang='lat'>—</span> 
     </span>
     <span class='ocr_line' id='line_1_20' title="bbox 162 2219 1029 2303; baseline -0.001 -19"><span class='ocrx_word' id='word_1_151' title='bbox 162 2228 194 2284; x_wconf 90' lang='lat' dir='ltr'>et</span> <span class='ocrx_word' id='word_1_152' title='bbox 216 2220 342 2285; x_wconf 89' lang='lat' dir='ltr'>codices</span> <span class='ocrx_word' id='word_1_153' title='bbox 366 2221 464 2284; x_wconf 87' lang='lat' dir='ltr'>secuti</span> <span class='ocrx_word' id='word_1_154' title='bbox 487 2219 725 2303; x_wconf 85' lang='lat' dir='ltr'>Fleckeisenus,</span> <span class='ocrx_word' id='word_1_155' title='bbox 748 2220 1029 2303; x_wconf 89' lang='lat' dir='ltr'>Umpfenbachius.</span> 
     </span>
    </p>

    <p class='ocr_par' dir='ltr' id='par_1_9' title="bbox 247 2321 1288 2408">
     <span class='ocr_line' id='line_1_21' title="bbox 247 2321 1288 2408; baseline 0.001 -22"><span class='ocrx_word' id='word_1_156' title='bbox 247 2323 311 2386; x_wconf 87' lang='lat' dir='ltr'>Sed</span> <span class='ocrx_word' id='word_1_157' title='bbox 342 2323 459 2388; x_wconf 88' lang='lat' dir='ltr'>rectius</span> <span class='ocrx_word' id='word_1_158' title='bbox 490 2323 616 2386; x_wconf 88' lang='lat' dir='ltr'>videtur</span> <span class='ocrx_word' id='word_1_159' title='bbox 647 2321 805 2386; x_wconf 85' lang='lat' dir='ltr'>Dziatzko</span> <span class='ocrx_word' id='word_1_160' title='bbox 835 2323 909 2405; x_wconf 82' lang='lat' dir='ltr'>(Ad.</span> <span class='ocrx_word' id='word_1_161' title='bbox 935 2325 1024 2387; x_wconf 85' lang='lat'>1881.</span> <span class='ocrx_word' id='word_1_162' title='bbox 1055 2344 1084 2406; x_wconf 91' lang='lat' dir='ltr'>p.</span> <span class='ocrx_word' id='word_1_163' title='bbox 1102 2324 1186 2408; x_wconf 83' lang='lat' dir='ltr'>tot),</span> <span class='ocrx_word' id='word_1_164' title='bbox 1215 2343 1288 2387; x_wconf 90' lang='lat' dir='ltr'>oum</span> 
     </span>
    </p>
   </div>
   <div class='ocr_carea' id='block_1_5' title="bbox 53 2424 1288 2508">
    <p class='ocr_par' dir='ltr' id='par_1_10' title="bbox 53 2424 1288 2508">
     <span class='ocr_line' id='line_1_22' title="bbox 53 2424 1288 2508; baseline -0.001 -19"><span class='ocrx_word' id='word_1_165' title='bbox 53 2496 57 2502; x_wconf 24' lang='lat'><strong><em>¹</em></strong></span> <span class='ocrx_word' id='word_1_166' title='bbox 161 2445 218 2490; x_wconf 91' lang='lat' dir='ltr'>neo</span> <span class='ocrx_word' id='word_1_167' title='bbox 241 2426 340 2489; x_wconf 90' lang='lat' dir='ltr'>verba</span> <span class='ocrx_word' id='word_1_168' title='bbox 363 2445 416 2507; x_wconf 90' lang='lat' dir='ltr'>,ue</span> <span class='ocrx_word' id='word_1_169' title='bbox 431 2432 497 2488; x_wconf 91' lang='lat' dir='ltr'>tam</span> <span class='ocrx_word' id='word_1_170' title='bbox 515 2424 659 2507; x_wconf 90' lang='lat' dir='ltr'>quidem&#39;</span> <span class='ocrx_word' id='word_1_171' title='bbox 682 2425 761 2487; x_wconf 87' lang='lat' dir='ltr'>satis</span> <span class='ocrx_word' id='word_1_172' title='bbox 778 2424 974 2508; x_wconf 84' lang='lat' dir='ltr'>probabilem</span> <span class='ocrx_word' id='word_1_173' title='bbox 990 2425 1288 2508; x_wconf 84' lang='lat' dir='ltr'>interpretationem</span> 
     </span>
    </p>
   </div>
   <div class='ocr_carea' id='block_1_6' title="bbox 159 2527 1289 3225">
    <p class='ocr_par' dir='ltr' id='par_1_11' title="bbox 159 2527 1289 3225">
     <span class='ocr_line' id='line_1_23' title="bbox 161 2527 1288 2611; baseline -0.002 -17"><span class='ocrx_word' id='word_1_174' title='bbox 161 2528 373 2610; x_wconf 89' lang='lat' dir='ltr'>admitterent,</span> <span class='ocrx_word' id='word_1_175' title='bbox 396 2549 462 2608; x_wconf 89' lang='lat' dir='ltr'>nec,</span> <span class='ocrx_word' id='word_1_176' title='bbox 485 2527 643 2609; x_wconf 92' lang='lat' dir='ltr'>quomodo</span> <span class='ocrx_word' id='word_1_177' title='bbox 666 2527 829 2611; x_wconf 88' lang='lat' dir='ltr'>,quamvis</span> <span class='ocrx_word' id='word_1_178' title='bbox 852 2529 930 2609; x_wconf 89' lang='lat' dir='ltr'>sqq.&#39;</span> <span class='ocrx_word' id='word_1_179' title='bbox 953 2528 1118 2609; x_wconf 82' lang='lat' dir='ltr'>diceretur,</span> <span class='ocrx_word' id='word_1_180' title='bbox 1141 2528 1288 2611; x_wconf 87' lang='lat' dir='ltr'>expediri</span> 
     </span>
     <span class='ocr_line' id='line_1_24' title="bbox 160 2630 1287 2715; baseline 0 -21"><span class='ocrx_word' id='word_1_181' title='bbox 160 2638 275 2715; x_wconf 89' lang='lat' dir='ltr'>posset,</span> <span class='ocrx_word' id='word_1_182' title='bbox 299 2633 445 2695; x_wconf 90' lang='lat' dir='ltr'>Donatus</span> <span class='ocrx_word' id='word_1_183' title='bbox 460 2637 577 2711; x_wconf 85' lang='lat' dir='ltr'>autem,</span> <span class='ocrx_word' id='word_1_184' title='bbox 599 2631 653 2713; x_wconf 90' lang='lat' dir='ltr'>qui</span> <span class='ocrx_word' id='word_1_185' title='bbox 669 2630 848 2712; x_wconf 90' lang='lat' dir='ltr'>,quamvis’</span> <span class='ocrx_word' id='word_1_186' title='bbox 865 2630 1053 2713; x_wconf 85' lang='lat' dir='ltr'>explanaret</span> <span class='ocrx_word' id='word_1_187' title='bbox 1067 2631 1115 2713; x_wconf 92' lang='lat' dir='ltr'>,in</span> <span class='ocrx_word' id='word_1_188' title='bbox 1131 2637 1287 2712; x_wconf 90' lang='lat' dir='ltr'>quantum</span> 
     </span>
     <span class='ocr_line' id='line_1_25' title="bbox 161 2733 1289 2817; baseline 0 -19"><span class='ocrx_word' id='word_1_189' title='bbox 161 2733 234 2814; x_wconf 88' lang='lat' dir='ltr'>vis’,</span> <span class='ocrx_word' id='word_1_190' title='bbox 257 2734 288 2797; x_wconf 90' lang='lat' dir='ltr'>in</span> <span class='ocrx_word' id='word_1_191' title='bbox 312 2735 391 2799; x_wconf 94' lang='lat' dir='ltr'>libro</span> <span class='ocrx_word' id='word_1_192' title='bbox 415 2754 472 2797; x_wconf 92' lang='lat' dir='ltr'>suo</span> <span class='ocrx_word' id='word_1_193' title='bbox 496 2753 607 2815; x_wconf 90' lang='lat' dir='ltr'>,quam</span> <span class='ocrx_word' id='word_1_194' title='bbox 632 2733 696 2797; x_wconf 89' lang='lat' dir='ltr'>vis&#39;</span> <span class='ocrx_word' id='word_1_195' title='bbox 727 2734 843 2816; x_wconf 80' lang='lat' dir='ltr'>legisse</span> <span class='ocrx_word' id='word_1_196' title='bbox 866 2733 1036 2817; x_wconf 89' lang='lat' dir='ltr'>videretur,</span> <span class='ocrx_word' id='word_1_197' title='bbox 1065 2753 1082 2797; x_wconf 92' lang='lat' dir='ltr'>e</span> <span class='ocrx_word' id='word_1_198' title='bbox 1105 2733 1289 2798; x_wconf 89' lang='lat' dir='ltr'>coniectura</span> 
     </span>
     <span class='ocr_line' id='line_1_26' title="bbox 161 2835 1242 2921; baseline -0.001 -22"><span class='ocrx_word' id='word_1_199' title='bbox 161 2837 315 2917; x_wconf 81' lang='lat' dir='ltr'>Madvigii</span> <span class='ocrx_word' id='word_1_200' title='bbox 339 2835 425 2921; x_wconf 89' lang='lat' dir='ltr'>(adv.</span> <span class='ocrx_word' id='word_1_201' title='bbox 441 2837 507 2900; x_wconf 88' lang='lat' dir='ltr'>crit.</span> <span class='ocrx_word' id='word_1_202' title='bbox 523 2837 554 2900; x_wconf 93' lang='grc' dir='ltr'>Π</span> <span class='ocrx_word' id='word_1_203' title='bbox 577 2857 607 2919; x_wconf 91' lang='lat' dir='ltr'>p.</span> <span class='ocrx_word' id='word_1_204' title='bbox 623 2835 677 2920; x_wconf 83' lang='lat'>20.)</span> <span class='ocrx_word' id='word_1_205' title='bbox 701 2835 882 2918; x_wconf 88' lang='lat' dir='ltr'>scripsisse:</span> <span class='ocrx_word' id='word_1_206' title='bbox 921 2836 1001 2916; x_wconf 90' lang='lat' dir='ltr'>‚Non</span> <span class='ocrx_word' id='word_1_207' title='bbox 1024 2842 1090 2900; x_wconf 92' lang='lat' dir='ltr'>tam</span> <span class='ocrx_word' id='word_1_208' title='bbox 1113 2835 1242 2916; x_wconf 90' lang='lat' dir='ltr'>quidem</span> 
     </span>
     <span class='ocr_line' id='line_1_27' title="bbox 406 2937 1081 3022; baseline -0.001 -20"><span class='ocrx_word' id='word_1_209' title='bbox 406 2938 510 3016; x_wconf 76' lang='lat' dir='ltr'>Quam</span> <span class='ocrx_word' id='word_1_210' title='bbox 535 2939 597 3022; x_wconf 73' lang='lat' dir='ltr'>vis,</span> <span class='ocrx_word' id='word_1_211' title='bbox 620 2939 717 3002; x_wconf 91' lang='lat' dir='ltr'>etiam</span> <span class='ocrx_word' id='word_1_212' title='bbox 741 2957 856 3002; x_wconf 91' lang='lat' dir='ltr'>maneo</span> <span class='ocrx_word' id='word_1_213' title='bbox 880 2939 999 3003; x_wconf 90' lang='lat' dir='ltr'>otiosus</span> <span class='ocrx_word' id='word_1_214' title='bbox 1022 2937 1081 3001; x_wconf 84' lang='lat' dir='ltr'>bic.</span> 
     </span>
     <span class='ocr_line' id='line_1_28' title="bbox 247 3039 1284 3123; baseline -0.002 -18"><span class='ocrx_word' id='word_1_215' title='bbox 247 3040 319 3116; x_wconf 76' lang='lat' dir='ltr'>Qua</span> <span class='ocrx_word' id='word_1_216' title='bbox 348 3041 389 3105; x_wconf 91' lang='lat' dir='ltr'>de</span> <span class='ocrx_word' id='word_1_217' title='bbox 422 3060 520 3104; x_wconf 88' lang='lat' dir='ltr'>causa</span> <span class='ocrx_word' id='word_1_218' title='bbox 550 3041 742 3123; x_wconf 88' lang='lat' dir='ltr'>particulam</span> <span class='ocrx_word' id='word_1_219' title='bbox 777 3039 957 3122; x_wconf 88' lang='lat' dir='ltr'>,quamvis’</span> <span class='ocrx_word' id='word_1_220' title='bbox 991 3061 1011 3104; x_wconf 91' lang='lat' dir='ltr'>a</span> <span class='ocrx_word' id='word_1_221' title='bbox 1040 3040 1190 3103; x_wconf 87' lang='lat' dir='ltr'>Terentio</span> <span class='ocrx_word' id='word_1_222' title='bbox 1222 3059 1284 3103; x_wconf 92' lang='lat' dir='ltr'>non</span> 
     </span>
     <span class='ocr_line' id='line_1_29' title="bbox 159 3143 618 3225; baseline 0 -19"><span class='ocrx_word' id='word_1_223' title='bbox 159 3147 308 3225; x_wconf 90' lang='lat' dir='ltr'>usurpari</span> <span class='ocrx_word' id='word_1_224' title='bbox 331 3143 536 3207; x_wconf 89' lang='lat' dir='ltr'>statuendum</span> <span class='ocrx_word' id='word_1_225' title='bbox 561 3152 618 3206; x_wconf 88' lang='lat' dir='ltr'>est.</span> 
     </span>
    </p>
   </div>
   <div class='ocr_carea' id='block_1_7' title="bbox 312 3505 1139 3708">
    <p class='ocr_par' dir='ltr' id='par_1_12' title="bbox 312 3505 1139 3708">
     <span class='ocr_line' id='line_1_30' title="bbox 629 3505 815 3579; baseline 0.005 -2"><span class='ocrx_word' id='word_1_226' title='bbox 629 3505 721 3579; x_wconf 86' lang='lat' dir='ltr'>Pars</span> <span class='ocrx_word' id='word_1_227' title='bbox 749 3505 815 3578; x_wconf 92' lang='grc' dir='ltr'>ΙΙΙ.</span> 
     </span>
     <span class='ocr_line' id='line_1_31' title="bbox 312 3640 1139 3708; baseline 0 -2"><span class='ocrx_word' id='word_1_228' title='bbox 312 3643 353 3706; x_wconf 83' lang='lat' dir='ltr'>lle</span> <span class='ocrx_word' id='word_1_229' title='bbox 375 3640 539 3707; x_wconf 88' lang='lat' dir='ltr'>enuntiatis</span> <span class='ocrx_word' id='word_1_230' title='bbox 561 3643 748 3708; x_wconf 84' lang='lat' dir='ltr'>concessivis</span> <span class='ocrx_word' id='word_1_231' title='bbox 771 3644 831 3707; x_wconf 88' lang='lat' dir='ltr'>alia</span> <span class='ocrx_word' id='word_1_232' title='bbox 855 3640 971 3706; x_wconf 83' lang='lat' dir='ltr'>ratione</span> <span class='ocrx_word' id='word_1_233' title='bbox 993 3640 1139 3706; x_wconf 86' lang='lat' dir='ltr'>lormalis.</span> 
     </span>
    </p>
   </div>
   <div class='ocr_carea' id='block_1_8' title="bbox 159 3775 1284 3960">
    <p class='ocr_par' dir='ltr' id='par_1_13' title="bbox 159 3775 1284 3960">
     <span class='ocr_line' id='line_1_32' title="bbox 245 3775 1283 3857; baseline -0.001 -18"><span class='ocrx_word' id='word_1_234' title='bbox 245 3777 281 3839; x_wconf 93' lang='lat' dir='ltr'>ln</span> <span class='ocrx_word' id='word_1_235' title='bbox 299 3795 445 3840; x_wconf 90' lang='lat' dir='ltr'>sermone</span> <span class='ocrx_word' id='word_1_236' title='bbox 467 3776 569 3838; x_wconf 89' lang='lat' dir='ltr'>latino</span> <span class='ocrx_word' id='word_1_237' title='bbox 585 3776 776 3840; x_wconf 86' lang='lat' dir='ltr'>sententiam</span> <span class='ocrx_word' id='word_1_238' title='bbox 800 3775 1015 3839; x_wconf 88' lang='lat' dir='ltr'>concessivam</span> <span class='ocrx_word' id='word_1_239' title='bbox 1033 3775 1163 3839; x_wconf 87' lang='lat' dir='ltr'>formari</span> <span class='ocrx_word' id='word_1_240' title='bbox 1188 3793 1283 3857; x_wconf 86' lang='lat' dir='ltr'>posse</span> 
     </span>
     <span class='ocr_line' id='line_1_33' title="bbox 159 3875 1284 3960; baseline -0.001 -20"><span class='ocrx_word' id='word_1_241' title='bbox 159 3878 325 3960; x_wconf 88' lang='lat' dir='ltr'>particulis</span> <span class='ocrx_word' id='word_1_242' title='bbox 349 3885 382 3940; x_wconf 89' lang='lat' dir='ltr'>ut</span> <span class='ocrx_word' id='word_1_243' title='bbox 405 3876 690 3960; x_wconf 63' lang='lat' dir='ltr'>(concessivum),</span> <span class='ocrx_word' id='word_1_244' title='bbox 720 3877 842 3958; x_wconf 87' lang='lat' dir='ltr'>,quom’</span> <span class='ocrx_word' id='word_1_245' title='bbox 873 3875 978 3956; x_wconf 89' lang='lat' dir='ltr'>,licet’</span> <span class='ocrx_word' id='word_1_246' title='bbox 1002 3876 1202 3939; x_wconf 90' lang='lat' dir='ltr'>notissimum</span> <span class='ocrx_word' id='word_1_247' title='bbox 1225 3882 1284 3939; x_wconf 88' lang='lat' dir='ltr'>est.</span> 
     </span>
    </p>
   </div>
   <div class='ocr_carea' id='block_1_9' title="bbox 246 4096 870 4252">
    <p class='ocr_par' dir='ltr' id='par_1_14' title="bbox 246 4096 870 4252">
     <span class='ocr_line' id='line_1_34' title="bbox 247 4096 535 4165; baseline -0.003 -14"><span class='ocrx_word' id='word_1_248' title='bbox 247 4102 269 4165; x_wconf 87' lang='lat'>¹)</span> <span class='ocrx_word' id='word_1_249' title='bbox 286 4099 320 4151; x_wconf 90' lang='lat' dir='ltr'>ct&#39;.</span> <span class='ocrx_word' id='word_1_250' title='bbox 334 4098 407 4151; x_wconf 85' lang='lat' dir='ltr'>Brix.</span> <span class='ocrx_word' id='word_1_251' title='bbox 427 4098 461 4150; x_wconf 85' lang='lat' dir='ltr'>ad</span> <span class='ocrx_word' id='word_1_252' title='bbox 479 4096 505 4149; x_wconf 85' lang='lat' dir='ltr'>h.</span> <span class='ocrx_word' id='word_1_253' title='bbox 518 4097 535 4150; x_wconf 95' lang='lat' dir='ltr'>l.</span> 
     </span>
     <span class='ocr_line' id='line_1_35' title="bbox 246 4180 870 4252; baseline -0.002 -16"><span class='ocrx_word' id='word_1_254' title='bbox 246 4186 267 4252; x_wconf 73' lang='lat'>²)</span> <span class='ocrx_word' id='word_1_255' title='bbox 285 4180 319 4236; x_wconf 84' lang='lat' dir='ltr'>cf.</span> <span class='ocrx_word' id='word_1_256' title='bbox 333 4183 415 4236; x_wconf 79' lang='lat' dir='ltr'>Truc.</span> <span class='ocrx_word' id='word_1_257' title='bbox 430 4187 475 4236; x_wconf 74' lang='lat'>571</span> <span class='ocrx_word' id='word_1_258' title='bbox 498 4182 569 4248; x_wconf 83' lang='lat' dir='ltr'>,Des</span> <span class='ocrx_word' id='word_1_259' title='bbox 589 4188 721 4250; x_wconf 87' lang='lat' dir='ltr'>quantum</span> <span class='ocrx_word' id='word_1_260' title='bbox 739 4182 791 4234; x_wconf 86' lang='lat' dir='ltr'>vis’</span> <span class='ocrx_word' id='word_1_261' title='bbox 809 4197 870 4250; x_wconf 85' lang='lat' dir='ltr'>sqq.</span> 
     </span>
    </p>
   </div>
   <div class='ocr_carea' id='block_1_10' title="bbox 0 0 1452 4680">
    <p class='ocr_par' dir='ltr' id='par_1_15' title="bbox 0 0 1452 4680">
     <span class='ocr_line' id='line_1_36' title="bbox 0 0 1452 4680; baseline 0 1"><span class='ocrx_word' id='word_1_262' title='bbox 0 0 1452 4680; x_wconf 95' lang='lat' dir='ltr'> </span> 
     </span>
    </p>
   </div>
  </div>
 </body>
</html>
