2896 4680
1250 165 1292 272 rv'

254 380 355 446 Aliter
376 386 487 446 tamen
511 400 561 446 res
585 379 739 445 sehabet
764 380 849 464 apud
875 382 1022 445 Plautum
1045 385 1077 445 et
1100 381 1294 446 Terentium.

166 483 252 547 Nam
275 483 434 565 particula
464 481 524 562 ‚ut'
555 483 737 547 concessive
767 488 937 565 usurpatur
966 501 1069 563 neque
1092 482 1179 566 apud
1202 483 1294 547 Plau·

166 594 233 650 tum
265 606 370 667 neque
403 586 491 668 apud
524 585 726 666 Terentium,
755 586 852 650 verbo
881 585 983 666 ,licet’
1015 585 1057 650 ad
1091 585 1292 650 formandam

166 690 361 752 sententiam
398 687 615 752 concessivam
649 687 782 752 Plautus
814 708 890 752 usus
921 693 970 752 est
998 696 1090 753 semel
1125 688 1294 752 Terentius

164 812 356 872 numquam:
382 790 545 854 Particula
568 788 697 873 ,quom'
720 791 791 854 vice
814 789 955 872 fungitur
971 791 1200 855 coniunctionis
1223 811 1294 855 con-

165 893 312 959 cessivae
344 893 429 976 apud
462 900 630 973 utrumque
661 898 694 956 et
722 893 769 956 ita
801 893 939 974 quidem,
968 900 1001 956 ut
1030 893 1116 976 apud
1146 893 1293 958 Plautum

163 1003 369 1077 rrrrdecr'pr‘otr'5
402 1008 550 1075 qurrnocr
580 995 668 1079 apud
700 996 884 1060 Terentium
915 996 1065 1079 exempla
1096 994 1179 1060 bunc
1202 1016 1293 1061 usum

165 1099 311 1183 probent.

661 1271 800 1355 Licat.¹)

254 1388 392 1453 Verbum
416 1388 520 1469 ,licet’
544 1390 734 1454 sententiam
766 1389 985 1453 concessivam
1019 1388 1147 1454 exbibet
1170 1389 1217 1452 ita
1247 1395 1295 1472 ut,

166 1497 321 1572 sequente
356 1492 556 1557 coniunctivo
596 1493 774 1576 praesentis
818 1493 850 1556 in
888 1493 1053 1557 enuntiato
1092 1492 1293 1574 secundario,

165 1594 306 1676 ,tamen’
338 1595 371 1657 in
401 1594 555 1678 primario
589 1603 783 1679 opponatur,
816 1596 902 1678 apud
938 1595 1085 1659 Plautum
1120 1594 1179 1658 hoe
1210 1595 1293 1658 loco:

164 1698 255 1761 Asin.
266 1699 335 1760 718.
351 1697 442 1762 Licet
455 1697 583 1762 laudem
595 1697 781 1778 Fortunam,
794 1705 900 1762 tamen
913 1706 946 1761 ut
958 1702 997 1762 nd
1007 1697 1149 1761 Salutem
1159 1697 1293 1780 culpem.

253 1799 306 1863 Sic
329 1807 456 1864 secutus
480 1800 606 1864 codices
630 1801 732 1865 scribo
757 1801 839 1865 bunc
863 1821 988 1864 vorsum
1013 1820 1082 1864 curo
1100 1799 1222 1863 Mohrio
1238 1798 1292 1884 (de

167 1908 291 1984 septen.
307 1902 402 1965 iamb.
419 1902 529 1984 (lrng.
549 1903 641 1986 1873)
665 1924 694 1985 p.
714 1902 774 1986 lb).

252 2003 358 2087 ,Licet
382 2004 555 2068 Fortunam
579 2004 725 2069 laudem'
755 2005 953 2088 transposuit
984 2003 1213 2068 l'lcckeisenus
1239 2004 1294 2068 ad·

166 2113 318 2172 versante
341 2109 438 2172 ctiam
462 2107 617 2172 Mucllcro
640 2107 739 2191 (pros.
754 2130 784 2192 p.
804 2106 885 2190 116).

657 2332 810 2414 Quom.²)

254 2450 348 2513 Hanc
381 2450 573 2532 particulam
617 2469 712 2514 sensu
753 2450 935 2515 concessivo
975 2449 1109 2533 Plautus
1149 2446 1295 2510 adhibuit

166 2553 246 2616 locis
268 2552 483 2633 undeviginti,
513 2553 651 2617 sedecim
682 2553 761 2617 locis
791 2561 945 2634 sequente
975 2551 1162 2632 indicativo,
1192 2551 1293 2614 tribus

168 2661 321 2734 sequente
344 2655 556 2720 coniunctivo.

255 2758 423 2822 Artissimc
440 2765 586 2822 cohaeret
603 2757 683 2822 baec
698 2758 747 2823 vis
762 2759 948 2823 concessiva
970 2756 1148 2840 particulae
1170 2755 1293 2841 ,quom'

170 2877 240 2921 cum
263 2877 302 2924 ea
327 2860 456 2925 notione
479 2862 658 2943 temporali,
681 2881 745 2942 qua
768 2861 844 2941 quid
869 2860 1001 2941 tamdiu,
1024 2859 1178 2941 quamdiu
1202 2858 1292 2922 aliud

168 2961 320 3040 quiddam
351 2963 422 3046 fiat,
452 2982 523 3028 esse
554 2962 674 3026 indicat
705 2963 783 3027 baec
813 2963 981 3046 particula
1030 2961 1124 3038 Quod
1153 2962 1293 3025 luculen-

167 3062 290 3129 tissime
313 3071 450 3148 apparet
473 3084 511 3128 ex
536 3065 607 3129 Aul.
626 3070 693 3129 113.

254 3164 340 3229 Nam
363 3187 454 3248 nunc,
484 3187 579 3248 quom
612 3168 679 3232 celo
711 3167 822 3232 sedulo
845 3187 955 3232 omnes
978 3186 1018 3232 nc
1041 3166 1152 3248 sciant,
1175 3165 1293 3231 Omnes

165 3265 314 3332 videntur
338 3268 426 3334 scire.
448 3306 491 3315 —

257 3510 277 3573 ¹)
295 3504 329 3561 cf.
348 3507 439 3562 Hand.
458 3507 499 3560 Ill
522 3525 549 3577 p.
569 3512 712 3561 543—546.

251 3595 275 3660 2)
293 3594 328 3647 cf.
348 3594 487 3661 Ltibbert,
507 3593 612 3664 Syntax
632 3609 687 3647 von
707 3608 790 3661 quom
810 3594 867 3646 und
885 3592 930 3647 dic
949 3591 1165 3660 Entwiclrclung
1183 3592 1234 3645 der
1252 3607 1292 3645 re-

165 3676 271 3732 lativen
290 3678 428 3747 Tempora
444 3680 481 3732 im
499 3680 604 3733 itlteren
625 3679 723 3732 Latein
745 3679 845 3743 (Brcsl.
868 3680 944 3743 18th
963 3695 990 3746 p.
1006 3680 1158 3730 121--113,
1193 3676 1291 3730 Holtae

166 3760 182 3814 l.
195 3777 219 3816 c.
237 3779 264 3831 p.
283 3767 336 3818 127.
351 3794 382 3799 --
402 3764 454 3827 Qui
474 3770 565 3816 tamon
584 3761 656 3816 falso
674 3767 688 3828 ᾗ
707 3763 746 3815 bd
765 3763 920 3831 exemplum
940 3762 1092 3830 particulae
1110 3763 1210 3830 ‚quom'
1229 3777 1290 3815 con·
1394 3780 1398 3789 ¹

166 3849 275 3901 cessiva
293 3847 497 3915 significatione
516 3864 577 3900 cum
598 3847 751 3900 indicativo
770 3848 880 3900 iunctae
899 3847 990 3900 artlcrt:
1015 3845 1126 3900 sacal
1145 3850 1169 3912 2,
1183 3851 1214 3898 13
1234 3850 1293 3912 (ab)

166 3928 267 3997 ‚Bonas
281 3939 313 3985 ut
325 3938 472 3999 aequomst
483 3929 575 3986 facere
590 3931 688 3996 facitis,
707 3948 790 4000 quom
803 3938 893 3983 tamen
914 3931 1040 3985 absentis
1058 3932 1135 3984 viros
1151 3934 1155 3999 ι
1170 3931 1290 3984 Proinde

165 4017 275 4071 habetis
307 4019 386 4085 quasi
418 4017 574 4085 praesentis
606 4017 677 4070 sint'.
715 4016 769 4069 Ubi
793 4016 901 4083 ,qnom’
926 4017 1096 4084 explicative
1119 4022 1291 4085 usurpatum,

165 4103 274 4167 ,tamen'
294 4109 385 4154 autem
405 4103 564 4170 oppositum
584 4107 628 4155 cst
645 4102 792 4169 participio
811 4100 964 4168 absentis,
989 4102 1065 4169 quod
1089 4101 1291 4156 enuntiationis

165 4186 345 4240 concessivae
364 4186 426 4239 vice
444 4185 580 4254 fungitur.
600 4216 632 4224 —
650 4187 685 4241 ib.
704 4202 751 4255 pg.
767 4191 821 4240 181.
840 4216 873 4224 -
