2896 4680
178 252 196 314 8

263 421 327 485 Mil.
343 421 414 485 306.
445 420 537 484 Nunc
557 419 584 483 si
604 418 755 483 indicium
772 419 865 502 facio,
888 419 1005 484 interii:
1029 420 1055 484 si
1071 427 1171 502 taceo,
1194 419 1299 485 interii

176 529 299 602 tamen,
330 522 363 587 Si
394 522 454 588 boc
480 522 587 606 palam
618 521 720 588 fuerit.
752 521 886 606 ,interii’
914 522 999 603 quod
1031 541 1102 587 cum
1125 520 1298 588 Ritschelio

178 624 397 691 Camerarium
421 629 547 690 secutus
569 629 642 709 post
671 625 787 706 ,taceo’
820 625 920 709 posui,
950 624 1040 690 deest
1062 625 1095 688 in
1128 625 1314 709 codicibus„

177 747 273 793 sensu
295 734 403 794 tamen
426 727 574 812 poscitur.
616 728 685 791 Iam
709 734 784 792 ante
805 729 845 811 ,si
860 733 963 792 taceo'
986 729 1091 793 locum
1108 747 1179 793 esse
1202 729 1298 793 verbo
1418 813 1421 820 Ι

177 828 310 915 ,interii’
327 830 473 895 arbitrati
489 836 562 895 sunt
577 830 724 895 Klotnius
746 850 816 896 nov.
832 850 904 898 ann.
920 830 995 914 phil.
1011 831 1113 914 suppl.
1130 832 1170 893 42
1190 851 1220 914 p.
1238 833 1299 892 464

177 939 209 998 44
230 931 392 1017 Hauptius
414 932 565 999 Herma.
584 931 663 997 1868
686 954 717 1017 p.
736 934 795 996 148
825 933 981 1017 probante
1003 933 1112 997 Brixio
1136 932 1199 998 1111.
1221 933 1299 1016 glor.

177 1033 291 1119 (1875)
313 1055 345 1118 p.
364 1036 433 1101 137.
476 1034 541 1100 Sed
570 1054 650 1116 cum,
680 1035 871 1117 ubicumque
901 1035 1036 1118 ,tamen'
1061 1035 1205 1099 ultimum
1230 1055 1299 1100 scn-

177 1137 298 1202 4444144
320 1137 424 1202 locum
438 1136 567 1220 obtinet,
588 1137 634 1202 144
656 1137 723 1204 fere
738 1137 836 1202 verba
860 1139 1006 1203 ordinata
1022 1138 1094 1220 sint,
1116 1143 1151 1210 44
1166 1139 1296 1203 verbnm

176 1237 266 1321 iliud,
288 1239 330 1302 ad
352 1238 436 1321 quod
452 1236 532 1303 hacc
555 1237 713 1323 particula
735 1238 766 1301 vi
790 1258 848 1303 sua
867 1239 1011 1322 proxime
1035 1245 1168 1324 spectat,
1189 1240 1297 1304 stetim

177 1344 252 1406 4444
267 1339 351 1407 hanc
366 1340 469 1424 ipsam
483 1340 675 1424 particulam
687 1341 846 1424 legeretur
854 1341 889 1426 ¹),
902 1347 1069 1425 praestare
1086 1341 1162 1405 mihi
1175 1341 1300 1407 videtur

177 1441 354 1508 Camerarii
376 1443 418 1526 ,si
441 1449 542 1526 taceo,
564 1442 670 1507 interii
693 1449 819 1510 tamen’.
841 1480 884 1489 —
906 1444 986 1510 Rud.
1011 1447 1100 1510 1361.
1123 1481 1165 1490 -

262 1562 438 1652 Addendus
468 1571 517 1629 444
545 1562 595 1627 his
621 1562 699 1628 locis
723 1562 819 1630 Stich.
840 1567 917 1629 695:
947 1563 1037 1630 codd.
1059 1566 1227 1648 praebent:
1257 1565 1298 1629 ad

175 1685 234 1730 444
257 1672 382 1730 nostros
405 1666 522 1730 amioio
544 1665 660 1733 ABCD
683 1671 717 1729 44
746 1686 804 1730 444
834 1674 941 1731 444444
965 1667 1098 1731 samiolo
1121 1667 1146 1730 F
1169 1674 1201 1732 et
1223 1668 1298 1750 (nisi

176 1767 282 1833 deleta
297 1787 375 1833 voce
391 1769 435 1853 ot)
457 1768 481 1832 Z
503 1768 626 1852 potorio
649 1773 756 1832 tamen
780 1768 917 1833 vivimus
939 1789 998 1833 444
1017 1776 1123 1833 tamen
1146 1768 1299 1834 efficimus

176 1890 232 1954 pro
256 1869 370 1955 opibus
392 1877 502 1935 nostra
524 1870 652 1935 moenia
676 1870 786 1935 BCDZ
809 1890 879 1935 cum
903 1872 931 1934 A
954 1876 1063 1936 tamen
1081 1871 1218 1936 vivimus
1241 1891 1298 1936 nos

176 1971 330 2038 efficimus
345 1973 380 2039 F.
424 1972 617 2038 Ritschelius
632 1992 703 2036 curn
719 1972 896 2056 ,vivimus'‚
915 1972 1001 2055 qnod
1017 1979 1066 2037 cst
1081 1974 1114 2037 in
1130 1972 1299 2056 codicibus,

175 2074 208 2138 in
230 2075 394 2158 ,bibimus'
424 2081 510 2141 recte
540 2076 728 2141 mutavisset
757 2076 912 2159 probante
942 2076 1042 2141 etiam
1065 2076 1299 2143 1144114414.

175 2199 204 2263 p.
228 2181 305 2260 474,
335 2199 392 2263 pro
425 2186 548 2261 ,tamen
582 2178 718 2242 vivimus
748 2199 807 2243 444
838 2178 962 2243 tamen’
995 2178 1195 2243 scribendum
1229 2199 1299 2245 4444

175 2287 283 2345 444444
305 2281 346 2364 ,41
369 2301 453 2346 4444
473 2280 625 2364 bibimus,
648 2281 779 2358 tamen',
803 2301 868 2363 qua
890 2282 923 2345 in
946 2280 1178 2359 emendatione,
1202 2298 1298 2364 quam

175 2383 274 2449 secuti
313 2392 386 2447 4444
422 2383 650 2449 Fleckeisenus
679 2390 711 2448 44
744 2383 905 2465 doctrine,
935 2382 1201 2465 acquiescendum
1228 2404 1300 2450 csse

175 2490 261 2569 puto.
306 2486 411 2550 Minus
439 2493 546 2551 tamen
576 2485 652 2549 mihi
675 2487 790 2571 placet,
821 2486 915 2568 qnod,
944 2486 1063 2551 cumZ
1094 2485 1199 2551 deleto
1229 2487 1299 2574 ,at',

175 2587 368 2653 Ritschelius
391 2588 518 2673 scripsit
541 2588 573 2652 14
591 2608 684 2653 versu
700 2591 769 2652 694.
815 2590 915 2653 Immo
939 2587 1136 2653 retinendum
1161 2596 1209 2653 est
1232 2589 1299 2670 ‚at’,

176 2690 262 2772 qnod
292 2691 482 2776 optimorum
515 2690 656 2756 codicum
693 2693 884 2756 auctoritate
918 2691 1121 2755 confirmatur·
1150 2698 1181 2757 44
1214 2691 1298 2774 quod

174 2812 276 2877 nuper
292 2793 434 2858 defendit
450 2794 515 2858 Leo
532 2794 564 2858 in
580 2794 686 2859 Herm.
702 2795 762 2859 vol.
776 2794 886 2859 XVIII
909 2816 937 2878 p.
950 2796 1020 2861 587.
1053 2792 1160 2872 Quare
1177 2795 1298 2861 scribo:

337 2913 480 2978 34414414
504 2913 624 2998 bibunt,
647 2919 680 2977 et
703 2935 760 2979 444
783 2920 890 2979 nostro
915 2915 1058 2979 Sitmiolo
1081 2915 1215 2998 paterio,

195 3029 197 3033 “
262 3017 297 3081 Si
327 3036 411 3083 nunc
444 3016 596 3100 bibimus,
630 3021 736 3083 tamen
774 3017 928 3082 efficimus
959 3037 1016 3100 pro
1047 3018 1160 3100 opibus
1190 3024 1300 3081 nostra

787 3120 923 3185 moenia.

267 3221 316 3286 De
338 3221 482 3286 Muelleri
511 3222 691 3288 coniectura
715 3222 812 3308 (pros.
829 3243 857 3306 p.
874 3220 950 3306 474)
973 3223 1130 3301 ,Tametsi
1154 3221 1298 3303 bibimus,

174 3328 297 3388 tamen’
321 3323 395 3389 vide
417 3324 501 3388 infra
524 3346 553 3408 p.
570 3330 620 3390 31.

261 3426 299 3492 41.
323 3427 417 3492 Ρ444.
441 3431 477 3490 51
504 3427 554 3493 414
577 3428 689 3510 odiost,
712 3428 817 3492 dicam
840 3435 957 3492 tamen.

260 3546 389 3611 Invcrso
420 3547 531 3613 ordine
561 3554 591 3613 et
621 3549 668 3612 144
698 3557 732 3613 44
761 3547 938 3612 4444414414
969 3546 1123 3630 primaria
1146 3547 1299 3629 negativa

174 3646 216 3711 sit
246 3647 354 3713 Oasin.
375 3649 418 3714 IV
442 3652 469 3732 2,
498 3654 545 3733 16,
580 3670 673 3733 quem
713 3670 782 3714 cum
815 3651 977 3733 Gepperto
1009 3669 1026 3713 4
1056 3649 1186 3713 Donsae
1216 3650 1298 3714 coni-

172 3756 280 3815 ectura
304 3751 422 3816 scribo:

259 3851 319 3931 Qui
350 3860 439 3918 amat
468 3862 575 3920 tamen
604 3853 724 3936 hercle,
754 3855 780 3919 si
803 3853 910 3937 esurit,
942 3853 1049 3918 nullus
1078 3853 1185 3920 esurit.
1208 3852 1298 3919 codd.

173 3955 329 4039 praebent
351 3959 509 4036 ‚nullum’.

176 4129 377 4140 —.-

260 4228 281 4296 ¹)
300 4223 334 4281 cf.
355 4226 463 4294 1141444,
488 4226 617 4297 syntaxis
640 4226 724 4295 prise.
744 4227 838 4296 script.
856 4229 918 4282 Lat.
936 4245 964 4298 p.
983 4232 1040 4284 ³49.
