2896 4680
1279 267 1297 324 5

147 433 267 496 ”Truc
290 432 360 493 315.
383 467 425 476 -
448 429 634 494 adverbium
664 430 840 511 ,maxume’
872 430 951 495 Rud.
978 433 1066 512 1353,
1096 432 1210 512 quibus
1240 432 1298 496 ali-

175 550 271 613 quam
293 551 358 596 rem
376 551 577 613 quacumque
593 531 780 597 condicione
796 532 864 598 sive
879 533 1054 598 certissime
1069 535 1137 597 fieri
1154 535 1297 599 maxima

175 655 245 699 oum
269 634 301 698 vi
324 634 548 699 affirmationis
571 634 761 699 conceditur.
773 633 797 718 ¹)

258 736 457 800 Indicatirus
487 737 630 817 sequitur
658 737 737 801 loeis
766 758 828 801 uno
860 743 891 802 et
920 736 1048 820 viginti,
1078 739 1296 803 coniunctivns

173 859 237 903 unu
261 843 294 903 et
316 838 543 921 quadraginta.

350 978 386 1042 A.
410 975 579 1040 Indicativi
602 976 750 1060 exempla
773 982 845 1041 sunt
868 975 963 1042 haec:

261 1101 287 1162 t.
309 1095 527 1160 Praemittitur
550 1095 709 1160 sententia
732 1096 933 1162 concessiva:
961 1096 1025 1162 Mil.
1047 1099 1119 1163 631.
1162 1097 1195 1162 Si
1219 1098 1298 1163 ulbi-

174 1198 309 1282 capillus
331 1197 384 1263 hic
406 1197 545 1281 videtur,
572 1217 613 1263 ne
635 1199 778 1281 utiquam
803 1199 845 1263 ab
868 1199 1028 1283 ingenibst
1050 1219 1157 1267 senex.
1179 1238 1221 1247 -
1244 1201 1298 1266 Sic

174 1301 285 1386 scripsi
316 1301 459 1365 Brixium
490 1306 625 1365 secutus.
668 1302 773 1383 Atque
800 1301 1035 1386 ‚albicapillus’
1063 1322 1102 1366 ex
1133 1303 1241 1368 codice
1272 1305 1295 1369 O

173 1404 236 1468 iam
252 1402 387 1468 Bothius
410 1403 443 1466 in
466 1410 555 1467 textu
577 1404 692 1487 posuit.
726 1404 832 1485 ,albus
855 1404 1004 1487 capillus’
1028 1405 1184 1489 praebent
1207 1406 1297 1472 codd.

173 1506 252 1570 ΒΕΖ
275 1506 373 1590 ,albis
396 1504 545 1588 capillus’
570 1506 607 1586 D,
630 1505 730 1587 ‚albet
753 1506 902 1589 capillus'
926 1507 1012 1590 apud
1028 1507 1166 1571 Nonium
1190 1529 1222 1592 p.
1235 1512 1296 1572 456

171 1608 321 1673 traditum
347 1615 404 1674 est.
448 1628 501 1690 ‚ne
525 1608 691 1691 utiquam,
714 1608 798 1690 quod
822 1609 938 1691 legitur
960 1610 993 1673 in
1017 1610 1057 1691 O,
1089 1629 1160 1673 cum
1184 1609 1297 1676 Fleck-
1405 1660 1406 1663 η

173 1713 282 1778 eiseno
306 1717 337 1776 et
360 1711 469 1775 Brixia
492 1711 615 1795 recepi,
645 1731 737 1793 quem
763 1712 836 1776 ride
859 1711 900 1775 ad
924 1712 989 1777 Mil.
1011 1712 1052 1795 gl.
1075 1733 1103 1776 v.
1127 1715 1196 1777 599.
1241 1715 1296 1798 ‚ab

170 1815 330 1898 ingeniost
353 1813 463 1879 senex'
488 1813 638 1897 Scioppio
658 1813 797 1879 debetur.
833 1814 931 1878 Codd.
947 1814 1077 1880 habent:
1100 1816 1144 1879 ibi
1167 1817 1296 1899 ingenio

171 1937 268 1982 senex
302 1916 434 1982 BcCDa.
478 1916 608 1997 ingenio
637 1935 735 1982 senex
765 1916 821 1981 Ba.
844 1956 885 1964 —
907 1918 1031 1982 Nonius
1060 1919 1080 1983 l.
1103 1938 1128 1983 c.
1151 1918 1296 1984 exhibet:

172 2020 229 2102 ,ab
259 2019 387 2102 ingenio
418 2018 534 2096 senes'‚
564 2039 628 2100 qua
656 2019 792 2084 lectione
815 2019 972 2084 adductus
995 2021 1139 2085 Kochius
1161 2021 1193 2085 in
1217 2043 1297 2087 mus.

172 2122 256 2189 rhen.
286 2128 307 2188 t.
330 2125 370 2185 25
401 2143 431 2204 p.
454 2124 515 2185 620
548 2121 713 2185 commode
744 2121 892 2187 coniecit:
926 2122 983 2205 ,ab
1017 2123 1146 2206 ingenio
1180 2123 1294 2191 senet'.

172 2231 338 2291 ettamen
361 2223 463 2288 Brixii
487 2223 594 2289 adnot.
618 2222 660 2286 ad
683 2221 766 2288 hunc
789 2243 915 2288 versum
939 2224 1002 2309 (ed.
1018 2226 1142 2309 primae
1165 2247 1194 2307 p.
1214 2227 1295 2309 142).

169 2365 211 2374 -
233 2327 315 2391 Men.
341 2329 421 2390 1060
445 2346 491 2407 sq.
537 2325 671 2389 Codices
701 2325 871 2410 praebent:
911 2326 945 2391 Si
975 2327 1071 2391 voltis
1100 2348 1158 2412 per
1187 2329 1296 2392 oculos

169 2430 310 2515 (occulos
335 2426 374 2512 (l)
404 2428 527 2512 iurare,
556 2427 655 2492 nihilo
687 2428 792 2493 hercle
822 2448 862 2493 ea
893 2449 993 2493 causa
1024 2431 1129 2512 magis
1156 2430 1296 2495 Facietis

169 2531 304 2614 (satietis
320 2528 359 2614 B)
383 2537 417 2593 ut
432 2549 491 2612 ego
508 2529 603 2594 hodie
619 2530 804 2594 abstulerim
829 2524 1040 2614 (abstulerem
1058 2531 1097 2615 C)
1121 2532 1242 2615 pallam
1262 2536 1295 2596 et

169 2633 290 2717 spinter
327 2633 462 2717 (spinter
498 2632 523 2696 Z
561 2632 704 2716 spinther
722 2633 819 2716 nell.)
857 2652 1029 2715 pessumae
1065 2633 1229 2718 (pessume
1268 2634 1294 2697 F

170 2735 307 2818 pessime
339 2735 393 2798 DZ
426 2736 565 2818 pessime
596 2735 620 2799 (l
652 2714 783 2818 pesiirae
805 2737 858 2817 B).
898 2735 1100 2821 Ritschelius,
1131 2756 1200 2800 cum
1224 2737 1294 2801 veri

170 2837 273 2902 simile
304 2858 367 2900 non
399 2844 491 2919 esset,
523 2856 543 2899 a
573 2836 673 2900 tribus
704 2836 851 2901 iambicis
882 2839 1054 2902 octonariis
1085 2837 1294 2924 (roeo-62)

171 2940 251 3004 hano
266 2959 397 3004 scenam
413 2959 560 3003 exorsam
576 2958 655 3020 esse,
679 2939 857 3003 trochaicus
880 2940 1080 3022 septenarios
1104 2942 1160 3004 hos
1185 2959 1295 3007 versus

169 3060 240 3108 esse
270 3041 370 3105 voluit
401 3040 670 3105 consentientibus
699 3041 909 3106 Fleckeiseno
938 3048 970 3106 et
1000 3041 1116 3108 Brixio.
1161 3044 1231 3107 Iam
1261 3044 1295 3106 in

169 3164 197 3210 v.
223 3147 304 3207 1060
328 3144 369 3225 ,si
393 3143 500 3207 voltis’
524 3144 624 3209 teneri
649 3165 711 3208 non
734 3144 885 3228 possein
909 3150 1059 3228 promptu
1082 3151 1137 3209 est.
1182 3146 1295 3227 Itaque

115 3290 119 3299 ·
168 3244 362 3312 Ritschelins
384 3245 564 3330 proposuit:
587 3246 696 3329 ,Sultis
719 3268 776 3331 per·
799 3247 907 3311 oculos
929 3248 1045 3330 iurare,
1067 3246 1166 3312 nlhilo
1189 3247 1294 3313 hercle

168 3367 208 3414 ea
238 3352 338 3414 eausa
368 3348 497 3431 magis'.
519 3387 560 3396 -
584 3348 655 3426 Qua
685 3351 717 3413 in
748 3350 971 3415 emendatione
1002 3371 1065 3414 non
1095 3370 1189 3434 posse
1219 3350 1294 3415 ferri

167 3451 248 3515 illud
271 3451 386 3534 ,sultis’
410 3459 563 3533 sequente
587 3452 745 3516 Infinitive
769 3451 901 3535 ‚iurare’
924 3472 964 3517 ex
987 3473 1046 3516 usu
1070 3452 1218 3517 Plautino
1241 3452 1294 3518 de-

168 3555 358 3618 monstravit
385 3553 543 3618 Luchsius
569 3553 601 3617 in
624 3555 764 3619 Hermae
786 3561 807 3619 t.
820 3555 864 3618 VI
887 3557 928 3636 (a.
947 3555 1044 3639 1872)
1066 3576 1096 3638 p.
1113 3557 1183 3621 275.
1227 3555 1295 3620 Nee

168 3657 270 3739 magis
286 3656 483 3740 probabilem
501 3677 572 3722 esse
583 3657 728 3721 Muelleri
744 3657 958 3722 coniecturam
973 3655 1170 3740 (Nachtrage
1181 3641 1210 3742 p.
1221 3658 1293 3741 129)

167 3759 293 3840 ‚sultis,
323 3779 379 3843 per
407 3761 516 3823 oculos
538 3759 659 3824 iurate'
682 3760 766 3824 idem
797 3760 955 3823 Luchsius
981 3760 1000 3823 l.
1023 3779 1048 3824 c.
1071 3760 1187 3826 docuit.
1231 3759 1293 3837 Qui

167 3862 237 3945 ipse
260 3862 460 3926 scribendum
484 3882 555 3927 esse
570 3870 675 3947 putat:
698 3863 738 3946 ,si
754 3864 805 3927 vel
820 3882 876 3947 per
893 3864 1002 3928 oculos
1017 3862 1144 3927 inretis'.
1167 3861 1292 3944 ‚Voltis’

168 3969 276 4028 autem
308 3971 410 4028 ortum
441 3985 512 4030 esse
544 3966 708 4031 existimat
737 3985 777 4029 ex
807 3965 881 4043 ,rel’
913 3971 944 4030 et
974 3965 1075 4030 literis
1092 3977 1104 4050 '‚
1113 3966 1156 4029 tis
1165 3965 1180 4046 ’‚
1211 3985 1292 4047 quas

257 4237 278 4302 ¹)
296 4231 331 4289 cf.
350 4233 431 4287 Hand
449 4232 491 4288 111
509 4250 536 4302 p.
550 4238 607 4289 598.
