2896 4680
399 398 434 482 d)
454 423 574 480 praes:
608 400 840 482 coniugationis
863 399 1131 484 periphrastioae:

658 503 793 583 (laturus
817 502 900 587 sum)
925 502 1040 568 Bacch.
1060 507 1151 568 1004.

399 603 430 689 e)
455 613 624 684 imperativi
646 606 750 669 locum
774 606 911 670 obtinet:

657 708 735 772 coni.
759 706 983 791 prohibitirus:
1008 708 1077 771 Aur.
1096 711 1163 771 100.
1279 793 1283 799 1

307 793 335 854 2.
358 799 501 871 imperfi:
977 855 979 859 Α

452 904 555 975 perss:
601 896 691 959 Cure.
707 898 777 959 446.
812 894 876 958 Mil.
892 896 961 959 803.
1000 895 1113 959 Pseud.
1130 898 1200 959 702.

394 996 452 1060 His
475 998 575 1061 tribus
598 998 675 1061 locis
699 998 872 1080 perfectum
896 997 1009 1078 legitur
1033 997 1121 1060 verbi
1145 998 1278 1079 ‚posse'.

308 1102 336 1163 3.
357 1107 621 1180 plusquamperfi:

398 1202 431 1284 a)
453 1209 553 1280 perfl:
604 1201 695 1265 Mero.
719 1203 790 1264 694.

398 1304 433 1389 b)
456 1311 577 1384 imperf.
600 1304 723 1384 coniug.
746 1301 899 1386 pamphu:

603 1426 706 1487 ,eram
731 1405 886 1469 dicturus’
911 1405 985 1470 cist.
1010 1406 1024 1468 1
1048 1410 1119 1486 aa.
1349 1470 1351 1474 ,

306 1510 410 1572 Minus
449 1508 491 1571 ad
530 1518 674 1592 tempora
706 1509 879 1589 modosque
913 1508 1137 1591 explanandos
1172 1510 1240 1590 apii
1273 1516 1345 1572 sunt

115 1601 118 1605 ’
221 1612 320 1674 Andr.
335 1613 513 1673 694-695
539 1610 645 1693 Oasin.
661 1611 689 1673 ΙΙ
714 1618 742 1692 5,
760 1615 901 1673 15-16,
944 1609 1068 1673 Phorm.
1085 1613 1271 1691 974—975,
1294 1611 1345 1674 hic

219 1716 307 1778 locus
335 1700 536 1778 Phormionis
559 1715 783 1795 Terentianae,
813 1715 897 1795 quod
925 1714 1043 1796 pendet
1072 1732 1111 1777 cx
1140 1721 1185 1794 ,ut
1207 1713 1267 1795 ne',
1297 1714 1342 1777 illi

220 1822 349 1899 propter
373 1816 636 1881 constructionem
661 1817 837 1881 accusativi
860 1836 930 1879 cunr
955 1816 1118 1881 infinitivo.

680 1976 793 2031 Etiam
815 1971 883 2050 si.¹)

304 2089 363 2154 His
379 2090 545 2173 particulis
568 2089 746 2153 enuntiatio
762 2090 946 2153 concessiva
969 2089 1055 2152 elata
1071 2096 1120 2153 est
1143 2088 1229 2171 apud
1250 2088 1343 2152 Plau-

219 2197 284 2257 tum
308 2192 406 2256 semei
429 2193 483 2273 ita,
507 2199 541 2253 ut
564 2197 716 2272 sequatur
739 2192 939 2255 indicativus.

303 2294 408 2357 Locus
430 2294 598 2357 Plautinus
621 2301 685 2358 est:
707 2295 800 2377 Epid.
817 2296 877 2356 518
901 2313 969 2375 sqq.

305 2396 428 2460 Eamne
451 2415 509 2477 ego
533 2395 637 2459 sinam
661 2395 817 2479 impune?
841 2396 938 2459 immo
961 2397 1060 2461 etiam
1083 2397 1108 2458 si
1133 2397 1265 2460 aiterum

304 2501 442 2563 Tantum
466 2498 709 2581 perdundumst,
731 2499 863 2582 perdam
887 2500 995 2582 potius
1019 2518 1114 2579 quam
1139 2498 1240 2561 sinam

302 2601 354 2664 Me
376 2601 506 2683 impune
528 2600 654 2664 irrisum
678 2619 750 2665 esse
772 2600 915 2667 habitum
939 2601 1161 2684 depeculatum
1178 2647 1203 2663 ..

304 2700 365 2779 Qui
398 2708 506 2767 tamen
537 2705 625 2768 locus
656 2723 727 2767 cum
758 2703 866 2768 multis
889 2705 929 2768 de
952 2704 1063 2767 causis
1081 2711 1146 2766 turn
1170 2708 1341 2784 propterea

218 2811 385 2886 suspectus
400 2813 456 2883 est,
480 2806 565 2888 quod
581 2806 623 2870 ab
636 2806 848 2870 Ambrosiano
865 2807 982 2871 absunt
997 2806 1029 2869 hi
1043 2825 1153 2871 versus
1165 2806 1342 2867 518—520.

217 2905 323 2984 Quare
346 2914 430 2972 recte
452 2908 576 2971 videtur
600 2928 670 2972 cunr
695 2909 855 2992 Gepperto
879 2908 1030 2973 Goetzius
1053 2907 1111 2971 hos
1134 2926 1245 2971 versus
1266 2909 1341 2989 iegi-

216 3009 295 3072 timo
319 3017 418 3073 metro
442 3017 587 3074 carentes
610 3030 630 3088 a
656 3011 770 3074 Plauto
794 3011 989 3075 abiudicare.

303 3109 404 3175 Simul
434 3111 545 3194 ,et-iam
573 3112 613 3175 si'
645 3133 707 3175 non
737 3132 809 3176 esse
834 3113 1021 3177 'Plautinum
1053 3111 1256 3177 statuendum
1285 3117 1340 3188 est,

218 3212 279 3276 nisi
297 3220 382 3278 recte
398 3214 579 3298 Geppertus
602 3215 634 3276 in
650 3222 740 3279 textu
762 3216 868 3297 posuit
891 3215 1000 3295 ,etiarn
1024 3214 1063 3277 si’
1081 3213 1186 3278 Oasin.
1203 3213 1246 3276 IV
1270 3216 1297 3295 3,
1313 3215 1342 3275 8.

302 3314 395 3398 Quid,
417 3317 514 3381 etiarn
531 3317 557 3380 si
581 3321 740 3380 nocentem
759 3317 971 3398 hymenaeum
996 3317 1099 3398 sitque
1121 3316 1231 3400 pulcra
1253 3315 1341 3398 hym-

217 3417 339 3481 nirdia?
362 3460 402 3469 -
427 3419 625 3484 Codd.eni1n
642 3419 798 3502 praebent
821 3427 901 3484 teste
917 3419 1094 3502 chperto:
1118 3419 1158 3496 ,si
1181 3419 1277 3483 etiarn
1301 3416 1340 3481 si'

217 3518 267 3604 (A.
283 3520 350 3583 Pal.
367 3523 401 3605 33
424 3522 605 3604 Parisinus)
629 3521 669 3604 ,si
685 3521 797 3585 etiam'
822 3521 947 3605 (ceteri)
964 3521 1124 3584 offendam
1149 3521 1254 3606 (codd.
1270 3541 1340 3585 cum

217 3626 243 3685 A
261 3623 385 3705 omnes)
402 3623 612 3707 hymenaeum
629 3622 727 3700 SITQ
738 3672 1063 3689 ..................
1076 3623 1179 3687 enin
1196 3624 1244 3709 (Α,
1258 3645 1342 3706 quae

218 3725 313 3789 ceteri
337 3726 533 3810 omiserunt).

302 3827 406 3909 Atque
422 3828 615 3908 ,offendam'‚
638 3828 723 3910 quod
739 3848 833 3892 sensu
857 3848 985 3911 prorsus
1001 3835 1096 3907 caret,
1120 3830 1183 3892 iam
1201 3829 1341 3912 Pylades

217 3930 249 3992 in
272 3930 460 4011 ‚nocentem’
477 3931 622 3996 mutavit.
667 3932 692 3994 Ε
710 3931 853 4012 reliquiis
870 3931 987 3994 codicis
1004 3934 1029 3994 A
1047 3932 1229 4015 Geppertus
1252 3933 1342 4013 eruit,

217 4050 302 4112 quae
325 4052 421 4114 supra
446 4034 567 4117 scripsi,
590 4033 708 4113 ,sitque
731 4034 843 4115 pulcra
866 4031 1063 4115 hymnodia'.

306 4203 327 4266 1)
345 4198 380 4255 cf.
392 4200 483 4266 Hand,
502 4200 620 4254 '1¹ursell.
634 4199 661 4252 ΙΙ
679 4217 707 4269 p.
722 4203 864 4254 558—596.
