2896 4680
1244 228 1284 289 23

247 397 343 481 Apud
359 398 541 461 Terentium
566 396 678 477 viginti
702 396 765 459 duo
788 395 936 478 exempla
952 396 1135 478 particulae
1157 396 1217 460 etsi
1241 396 1287 459 in·

162 500 340 579 veniuntur,
364 517 452 580 quae,
469 496 576 561 omnia
592 497 800 562 indicativum
815 499 979 581 praebent.
1014 497 1287 580 significationem

160 621 236 666 vere
259 601 474 665 concessivam
506 600 603 665 habet
632 601 712 664 locis
743 600 924 682 duodecim,
953 600 1062 666 decem
1094 601 1173 665 locis
1202 601 1287 666 idem

161 704 249 768 valet
272 703 355 785 quod
379 702 539 767 Grueoum
562 704 681 767 καίτοι.
1000 693 1003 699 ’

314 845 350 906 Α.
373 838 599 904 Concessivam
624 838 739 902 format
763 840 954 903 sententiam
979 837 1028 902 his
1050 839 1142 902 locis:

250 963 276 1022 1.
299 958 493 1023 Praemissa·
513 958 672 1022 sententia
701 957 899 1023 secundarie.
945 957 1004 1021 Ad.
1020 958 1091 1022 944.
1134 957 1205 1021 Etsi
1227 957 1286 1046 hoc

164 1060 243 1126 mihi
266 1080 399 1144 pravom
423 1061 564 1145 ineptum
588 1059 761 1123 absurdum
787 1067 884 1142 atque
908 1060 1048 1124 alienum
1072 1080 1092 1123 a
1121 1060 1189 1125 vite
1213 1079 1284 1126 mea

164 1164 310 1228 Videtur:
334 1211 383 1226 ...
405 1163 469 1227 4444.

247 1271 275 1332 2.
300 1267 500 1348 Interposita.
545 1265 659 1330 Heaut.
675 1269 745 1329 624.
791 1265 850 1328 Vin
882 1284 932 1329 me
954 1265 1035 1330 istuc
1058 1265 1130 1348 tibi,
1158 1267 1218 1330 etsi
1241 1266 1286 1329 in-

165 1369 355 1450 credibilest,
379 1369 533 1433 credere?
548 1403 590 1414 -
614 1368 695 1449 ,Etsi
707 1374 723 1450 ',
747 1368 832 1449 quod
856 1368 988 1449 reliquis
1011 1369 1181 1451 praetorui
1206 1368 1289 1433 codi-

165 1471 252 1535 cibus
275 1471 426 1534 traditum
448 1477 508 1551 444,
531 1470 774 1534 Fleckeisenum
799 1477 831 1534 44
846 1469 1133 1554 Umpfenbaohium
1158 1480 1285 1536 secutus

945 1573 952 1609 1

161 1624 284 1708 scripsi,
306 1625 390 1705 quod
414 1625 511 1688 etiam
536 1623 655 1687 codicis
679 1627 705 1686 Α
730 1624 865 1688 44444444
891 1571 1284 1690 ubluouublsslunsu

160 1728 230 1813 (,44
243 1727 317 1792 add.
332 1746 408 1790 corr.
422 1726 495 1810 444.)
513 1725 727 1790 commendari
744 1726 876 1790 videtur.
888 1764 928 1771 -
939 1726 1091 1808 Argutius
1106 1727 1286 1810 Wagnerus

159 1832 323 1914 profectus
346 1849 366 1891 a
389 1829 502 1893 vocula
525 1830 589 1910 ΕΤ,
613 1848 696 1909 quae
720 1834 768 1892 est
792 1830 824 1891 in
847 1829 1012 1911 Bembino,
1035 1830 1160 1895 videtur
1181 1851 1286 1896 emen-

160 1934 268 1998 dasse:
292 1931 599 2016 ,atinor·edibi1est’.

246 2039 273 2099 3.
298 2035 467 2099 Adiuncto.
512 2034 608 2096 Andr.
626 2037 696 2097 374.
742 2034 805 2115 Ibo,
829 2036 888 2099 etsi
907 2034 1124 2117 herclesaepe
1147 2033 1211 2099 iam
1234 2054 1286 2100 me

161 2160 234 2224 spes
250 2138 330 2203 haec
346 2139 537 2202 frustratest.
561 2175 603 2182 —
626 2138 701 2200 Hec.
718 2139 788 2199 258.
833 2139 874 2200 At
890 2137 936 2201 ita
951 2156 1002 2201 me
1018 2136 1050 2199 di
1066 2142 1184 2220 ament,
1199 2136 1286 2202 haud

160 2242 216 2306 tibi
240 2241 299 2305 hoo
314 2241 463 2324 concedo,
486 2241 545 2305 etsi
569 2240 616 2304 illi
639 2247 730 2323 pater
753 2259 794 2304 es.
822 2276 857 2284 -
884 2239 927 2303 lb.
944 2243 1014 2303 404.
1037 2239 1146 2303 —·1b.
1163 2244 1222 2303 577
1240 2260 1285 2321 sq.
1356 2258 1360 2264 ’

160 2383 200 2391 -
224 2344 355 2409 144788.
378 2382 420 2387 -
945 2353 948 2358 ’

247 2451 274 2507 4.
299 2444 513 2526 Sequentibus
539 2445 718 2528 particulis:
750 2445 783 2524 a)
812 2453 918 2508 tunice.
953 2443 1066 2509 Heaut.
1088 2446 1157 2507 225.
1201 2444 1286 2508 Num

160 2550 211 2614 hic
235 2547 348 2628 Clinia,
380 2549 439 2611 etsi
471 2549 498 2610 is
527 2567 654 2629 quoque
685 2567 813 2610 suarum
836 2565 939 2610 rerum
964 2553 1014 2611 sat
1038 2548 1149 2630 agitat,
1178 2552 1286 2611 tamen

160 2652 265 2715 Habet
289 2650 368 2713 bene
398 2657 429 2713 et
451 2649 566 2732 pudice
596 2649 760 2730 eductam,
791 2649 938 2729 ignaram
971 2648 1049 2713 artis
1078 2648 1287 2714 meretriciae.

161 2791 202 2799 —
217 2754 287 2834 ,Sat
308 2753 419 2834 agitat,
435 2758 562 2816 tamen’
579 2752 756 2816 Bentleium
775 2759 901 2815 secutus
917 2752 1029 2835 scripsi
1046 2772 1117 2816 cum
1134 2751 1286 2834 Umpfen-

164 2855 272 2919 bachio
289 2861 320 2918 et
336 2854 420 2937 quod
437 2854 523 2937 apud
540 2854 720 2919 Charisium
745 2875 774 2937 p.
791 2857 851 2916 218
868 2854 982 2936 legitur
1005 2855 1106 2939 (quod
1122 2861 1171 2919 444
1186 2856 1285 2919 etiam

162 2959 192 3021 in
209 2959 318 3022 codiee
342 2958 394 3040 F):
418 2967 484 3040 ,444
501 2959 603 3040 agitat
625 2965 732 3033 tamen
754 2959 757 3038 4
779 2957 898 3036 habet',
921 2964 952 3021 44
965 2959 1049 3038 quod
1074 2957 1187 3022 similis
1198 2958 1287 3023 loeus

159 3068 264 3126 exstat
297 3061 382 3143 apud
417 3061 565 3124 Plautum
589 3059 703 3124 Bacch.
728 3079 754 3121 v.
772 3060 845 3122 636:
877 3058 950 3140 ,Sat
973 3059 1080 3141 agitas
1103 3065 1136 3122 tu
1159 3065 1285 3124 tuarum

159 3185 262 3230 rerum
272 3170 288 3224 '.

244 3265 337 3343 Quod
369 3266 548 3348 Bentleius,
580 3272 613 3328 ut
642 3266 758 3330 refutet
788 3265 955 3329 lectionem
987 3264 1068 3346 ,agit
1098 3269 1133 3327 44
1163 3270 1285 3328 tamen’

158 3370 200 3432 ad
225 3368 253 3433 h.
269 3370 288 3434 l.
312 3370 357 3452 (ΙΙ
384 3367 478 3452 4,14)
502 3367 634 3452 profert,
663 3375 734 3450 post
757 3367 845 3448 ,etsi'
868 3387 931 3430 non
954 3365 1061 3430 inferri
1083 3371 1132 3448 ,44
1155 3371 1286 3447 tamen’,

160 3471 186 3533 si
204 3471 309 3535 Plauti
333 3471 427 3556 (Rud.
446 3471 526 3532 1350
542 3475 634 3551 ,tam'
652 3470 738 3533 Trin.
752 3471 811 3531 527
829 3468 908 3550 ,at')
929 3475 960 3532 44
976 3467 1105 3532 Terenti
1122 3466 1211 3546 (Hec.
1223 3468 1284 3529 243

159 3580 292 3664 'tamen'
306 3573 429 3639 Phorm.
443 3575 501 3634 447
520 3590 642 3653 ,verum
654 3570 789 3653 tamen’)
807 3570 955 3653 exempla
971 3569 1159 3653 respexeris,
1175 3587 1284 3634 verum

159 3692 229 3738 esse
252 3677 347 3754 dices,
369 3677 454 3759 apud
468 3677 550 3739 alios
563 3674 732 3755 scriptores
755 3679 798 3753 ,at
821 3678 936 3737 444444ι
953 3679 1023 3755 post
1046 3672 1129 3754 ,etsi'
1145 3671 1285 3755 positum

160 3794 239 3857 esse,
263 3776 410 3840 Handius
433 3777 465 3840 in
488 3780 580 3841 Turs.
597 3777 626 3839 ll
651 3797 680 3858 p.
696 3777 753 3838 604
782 3782 970 3839 auctorest.
1304 3859 1305 3862 Ἴ

245 3879 350 3941 Minus
374 3877 450 3941 mibi
469 3880 623 3962 probatur
639 3877 821 3941 coniectura
836 3876 1048 3955 Fleckeiseni,
1071 3877 1125 3957 qui
1150 3895 1283 3940 consen-

159 3979 256 4044 tiente
288 3981 447 4062 Wagnero
478 3981 584 4064 (Haut.
609 4003 637 4064 p.
663 3983 712 4062 84,
745 3978 905 4064 Anhang),
933 3971 1072 4062 longius
1091 3978 1284 4044 recedensa

159 4082 331 4162 codicibus,
355 4082 494 4147 exhibet:
701 4091 752 4146 444
775 4083 852 4165 agit,
875 4087 984 4148 tumen
1008 4082 1104 4147 habet

201 4187 289 4280 Bene
313 4190 344 4249 ot
367 4185 480 4268 pudice
503 4186 650 4250 eductam
673 4193 704 4251 44
729 4185 807 4249 artis
830 4190 977 4268 ignaram
1002 4185 1211 4250 meretriciae.
1302 4207 1304 4212 ·
